2358 3105
1053 239 1120 271 taz}

151 345 183 374 et
204 341 286 374 duos
307 339 428 373 fratres
448 343 599 374 seniores
631 352 690 386 pro
721 345 914 387 provisione
945 346 1006 376 iam
1038 344 1135 376 dicta.
1166 346 1195 376 in
1226 347 1381 387 quantum
1413 343 1583 388 praefatae
1614 347 1794 388 peccuniae
1824 356 1860 377 sc
1881 350 2010 378 exten-

151 401 270 443 derint,
301 401 507 434 adiicientes.
539 401 624 445 quod
655 404 680 434 si
722 413 779 447 per
818 414 878 436 1105
918 406 979 437 iam
1022 403 1126 436 dictos
1164 403 1218 436 vet
1258 407 1389 436 nostros
1428 415 1644 437 successores
1683 408 1869 449 oppositum
1910 417 2015 450 prae-

152 464 328 495 missorum
359 465 585 506 attemptatum
619 462 727 496 fuerit.
767 474 810 496 ex
838 474 926 497 nunc
965 468 995 497 et
1026 474 1085 509 pro
1124 469 1199 496 tunc
1239 467 1329 508 prior
1367 467 1405 497 sil
1437 464 1476 496 ab
1507 465 1616 497 ott'tcio
1646 468 1811 510 prioratus
1842 465 2009 498 absolutus

151 529 222 567 ipso
253 520 340 554 facto
370 524 402 554 in
432 532 586 566 poenam.
618 522 739 556 fratres
769 534 852 556 vero
882 535 975 557 suum
1007 535 1179 557 assensum
1218 524 1256 556 ad
1289 523 1350 556 ho(-
1381 524 1581 569 praebentes
1617 528 1679 558 sint
1710 524 1863 557 omnibus
1893 528 2012 569 gratiis

151 582 276 615 ordinis
314 584 435 627 privati
472 586 643 627 perpetue.
702 582 738 616 In
777 595 916 629 quorum
959 587 1105 617 omnium
1150 586 1371 617 testimonium
1416 585 1520 627 sigilla
1561 589 1686 618 nostra.
1730 589 1804 629 puta
1844 585 1941 617 oll'icii
1982 590 2011 618 et

150 646 337 676 conventus
376 645 480 676 nostri
520 642 654 676 mediati
684 654 745 676 una
785 655 858 677 cum
897 644 1005 688 sigillo
1048 644 1266 677 discretorum
1311 647 1458 677 virorum
1503 645 1712 678 dominorum
1757 648 1937 678 iuratorum
1981 650 2011 678 et

151 705 272 736 civium
309 691 581 736 (itomucensidm
626 706 688 736 iam
733 705 895 738 dictorum
935 705 972 737 ad
1013 704 1215 748 singularem
1256 709 1402 738 nostram
1448 708 1633 738 instantiam
1664 705 1896 750 praesentibus
1939 710 2012 739 sunt

150 773 309 809 appensa.
348 762 469 796 Datum
500 762 583 796 feria
623 767 717 797 tertia
748 767 778 797 in
808 764 922 809 vigilia
960 768 1156 798 visitationis
1179 764 1327 809 Virginis
1357 766 1538 810 gloriosae.
1569 777 1656 799 anno
1686 766 1808 798 domini
1839 766 2014 799 millesimo

150 823 481 869 quadringentesimo
529 824 669 857 decimo.
728 825 881 858 Petentes
917 828 1112 871 praesertim
1157 826 1380 859 reverendum
1425 831 1565 872 patrem.
1610 826 1746 859 fratrem
1790 825 1924 859 Paulum
1973 826 2014 859 de

150 883 275 926 Bruna.
304 894 422 917 sacrae
451 883 642 928 theologiae
674 885 914 930 professorem.
945 890 1080 918 nostrae
1110 889 1305 931 provinciae
1329 890 1474 932 priorem
1505 887 1760 932 provincialem
1790 891 1821 919 ut
1860 898 1933 919 cum
1964 890 2013 920 sui

148 945 247 990 sigilli
284 944 382 978 officii
421 947 625 990 appensione
664 948 772 978 omnia
814 949 997 990 praemissa
1039 946 1194 990 dignetur
1223 946 1388 980 ratificat-e
1427 952 1457 979 et
1488 946 1676 992 approbare
1717 949 1746 979 in
1779 949 1882 979 maius
1912 946 2014 980 robur

150 1004 324 1039 firmitatis.
380 1005 421 1039 Et
459 1016 523 1049 ego
564 1005 667 1038 frater
706 1006 823 1040 Paulus
863 1006 902 1039 de
932 1006 1055 1040 Bruna.
1087 1017 1205 1039 sacrae
1244 1007 1434 1051 theologiae
1464 1007 1649 1053 professor.
1680 1010 1771 1052 prior
1799 1007 2013 1053 provincialis

150 1068 345 1112 provinciae
361 1065 545 1099 Boliemiae
561 1066 687 1099 ordinis
709 1067 869 1100 eiusdem.
892 1069 1001 1100 omnia
1023 1070 1207 1112 praemissa
1231 1070 1260 1100 in
1283 1069 1345 1100 hac
1365 1072 1455 1101 carta
1478 1067 1638 1113 approbo.
1660 1068 1851 1101 authentico
1873 1073 1903 1101 et
1925 1078 2014 1101 con-

149 1125 244 1160 firmo
273 1125 371 1170 sigilli
402 1129 464 1159 mei
495 1126 593 1159 officii
624 1126 786 1160 roborans
817 1129 1021 1172 appensione
1052 1130 1084 1160 111
1113 1138 1173 1160 suo
1203 1127 1325 1161 robore
1355 1128 1433 1161 volo
1463 1139 1674 1173 permanere.

459 1196 538 1222 Naeli
556 1196 634 1221 «ein-³1-
651 1197 799 1222 Atta-tuisf
816 1206 892 1223 saec.
910 1198 1023 1223 XVIII.
1037 1213 1077 1216 -ἡ
1093 1198 1199 1225 Briinu.
1218 1198 1444 1224 Laudes-archiv,
1466 1198 1655 1223 Boc-zek'schn
1669 1199 1836 1230 baininlung
1852 1199 1901 1225 Nr.
1921 1200 2014 1226 5468.

1037 1342 1139 1377 143.

150 1410 226 1444 Der
257 1410 430 1445 Olmvltzer
468 1411 619 1455 Bisclmf
642 1412 790 1445 Jsonrad
829 1412 989 1456 cerlfanft
1025 1413 1088 1445 das
1117 1412 1313 1455 Mensalgsttl
1352 1412 1558 1446 Pftaslawitz-
1587 1415 1645 1446 mit
1679 1414 1750 1446 dem
1781 1413 1913 1447 Reckle
1953 1415 2013 1447 ries

159 1470 422 1516 tstsiederlcaufes
451 1484 495 1506 (1η
526 1472 627 1506 Peter
648 1472 864 1517 Nimmerfoll
886 1473 1080 1506 eanonicus
1112 1485 1172 1507 rou
1204 1473 1382 1506 lsremsz'er
1412 1474 1479 1507 cmc!
1507 1472 1649 1507 Marcus
1681 1485 1742 1507 con
1774 1474 1885 1507 Malcr.
1910 1474 2010 1507 Neu-

148 1533 252 1575 stadt,
284 1532 423 1576 Βᾶιῃεν
450 1544 515 1566 von
540 1532 683 1566 Olmzz'ts.
714 1534 767 1565 die
792 1533 1051 1567 Testamenla‘re
1081 1535 1139 1567 des
1172 1534 1345 1566 Olme'tlz-er
1368 1533 1522 1577 Buryers
1547 1534 1715 1567 Nicolaus
1736 1535 2007 1577 Fleiscleln‘zckeL

150 1593 217 1626 und
236 1593 409 1637 bewilliyt,
439 1595 520 1627 dass
553 1593 597 1627 12
622 1594 722 1627 Μαι-Ι(
743 1594 941 1637 ja'lerlz'cleen
965 1594 1086 1627 Za‘nses
1110 1606 1173 1627 rou
1196 1595 1321 1627 diesem
1345 1594 1430 1627 (iube
1460 1606 1521 1627 z-nr
1545 1594 1709 1628 Dotation
1740 1596 1798 1628 des
1818 1596 2012 1628 Altaristen

150 1653 207 1687 bez·
233 1654 306 1687 dem
327 1654 454 1688 Altare
482 1655 543 1688 der
565 1654 769 1697 Belseleremq
799 1655 858 1687 des
879 1655 1043 1698 Apostels
1074 1654 1201 1688 Paulus
1230 1656 1265 1687 in
1296 1655 1356 1688 der
1389 1654 1561 1688 Olmu‘lz-er
1582 1655 1791 1689 Domlsirclee
1821 1656 2015 1689 rerwendel

730 1716 874 1748 werden.
898 1736 946 1739 ⁷-
968 1715 1025 1748 Dt,
1049 1715 1153 1757 Praq.
1175 1715 1208 1748 2.
1231 1715 1304 1748 Auli
1324 1714 1433 1748 1410.

306 1774 500 1827 conradus
553 1794 603 1827 dei
657 1797 770 1838 gracia
815 1797 992 1839 episcopus
1041 1793 1275 1827 olomucensis
1326 1792 1582 1827 n‹›tiiiiisacimiis
1629 1798 1747 1827 tenore
1801 1797 2010 1839 presencium

149 1856 328 1889 universis.
358 1854 457 1899 quod.
488 1865 561 1887 cum
584 1855 663 1887 alias
695 1854 813 1887 dudum
848 1854 932 1887 bone
962 1857 1123 1887 memorie
1145 1854 1353 1887 reverendus
1383 1857 1413 1887 in
1437 1853 1569 1887 Christo
1590 1859 1684 1900 pater
1705 1854 1858 1888 dominus
1881 1854 2011 1888 Laczko

148 1914 297 1948 eiusdem
328 1915 471 1948 ecclesie
493 1914 726 1948 Oloinucensis
756 1918 942 1960 episcopus.
974 1919 1088 1947 noster
1118 1914 1340 1959 predecessor
1369 1915 1590 1957 immediatus,
1621 1926 1665 1948 ex
1693 1918 1792 1948 certis
1822 1919 1889 1948 suis
1920 1916 2010 1948 indi-

152 1978 282 2019 genciis
311 1986 350 2008 ac
379 1978 489 2008 causis
519 1979 662 2009 animum
694 1986 787 2008 suum
818 1974 1030 2008 moventibus
1069 1975 1179 2007 villam
1211 1974 1433 2008 Przaslawicz
1463 1975 1501 2007 ad
1533 1986 1593 2008 nos
1623 1980 1653 2008 et
1685 1986 1832 2009 mensam
1863 1981 2010 2009 nostram

152 2036 378 2080 episcopalem
409 2039 630 2081 pertinentem
661 2047 733 2068 cum
764 2038 831 2068 suis
862 2035 1016 2069 censibus
1047 2040 1078 2068 et
1106 2038 1321 2080 pertinenciis
1351 2039 1519 2069 universis
1550 2036 1715 2080 quondam
1738 2036 1878 2069 honesto
1900 2037 2009 2070 clienti

155 2095 318 2130 Alschoni
361 2097 402 2130 de
436 2096 598 2142 Doloplaz
642 2099 673 2129 in
709 2096 871 2141 Kyrwien
915 2096 1075 2129 residenti
1113 2107 1173 2141 pro
1213 2096 1363 2129 ducentis
1402 2099 1524 2130 mareis
1562 2107 1758 2140 grossorum
1789 2096 2007 2141 pragensium

150 2159 281 2190 numeri
310 2156 525 2190 Moravicalis
563 2167 624 2202 per
657 2168 743 2191 eum.
783 2154 867 2190 filios
906 2161 937 2189 et
974 2156 1118 2190 heredes
1158 2167 1237 2190 suos
1276 2157 1456 2201 legitumos
1495 2157 1684 2190 tenendam.
1714 2157 1950 2202 possidendam
1981 2162 2011 2190 et

149 2216 371 2250 utifruendam
403 2217 615 2262 obligaverit,
647 2221 742 2262 prout
772 2216 834 2250 hec
864 2220 894 2250 in
924 2217 1040 2250 litteris
1070 2217 1215 2262 desuper
1244 2216 1406 2250 confectis
1436 2217 1564 2262 plenius
1593 2220 1792 2250 continetur.
1822 2228 1883 2250 nos
1912 2220 2013 2262 igitur

152 2279 262 2310 animo
300 2277 496 2311 deliberato.
535 2288 617 2311 sano
656 2280 760 2310 eciam
791 2282 980 2310 nostrorum
1021 2276 1163 2310 fidelium
1203 2277 1384 2310 accedente
1420 2277 1560 2310 consilio
1597 2288 1726 2311 necnon
1768 2276 2010 2310 honorabilium

147 2336 288 2370 l'ratrum
327 2342 518 2371 nostrorum
542 2364 578 2370 ..
619 2338 888 2371 dominorum..
928 2338 1044 2371 decani
1083 2342 1174 2371 et..
1215 2338 1346 2382 capituli
1385 2338 1531 2371 ecclesie
1570 2337 1802 2371 Olomucensis
1845 2337 2012 2371 antedicte

152 2409 318 2443 expresso
348 2409 528 2432 consensu.
559 2398 736 2431 credentes
767 2397 830 2431 hoc
860 2397 967 2432 nobis.
996 2397 1250 2432 successoribus
1279 2401 1401 2431 nostris
1423 2409 1461 2431 ac
1491 2398 1636 2431 ecclesie
1665 2403 1782 2431 nostre
1803 2409 1844 2431 ex
1865 2398 2011 2431 evidenti

152 2461 289 2491 racione
317 2458 492 2504 expedire.
521 2459 633 2492 villam
663 2459 845 2504 predictam
876 2469 893 2491 a
924 2457 1103 2492 Frankone
1133 2458 1209 2491 dicti
1240 2458 1422 2491 Α1150110015
1452 2457 1517 2491 filio
1546 2469 1585 2491 ac
1607 2459 1678 2491 aliis
1708 2461 1810 2503 ipsius
1831 2457 2011 2491 heredibus

152 2518 360 2552 exsolvimus
389 2523 421 2552 et
449 2518 665 2553 liberavimus
696 2522 727 2552 in
756 2529 883 2552 summa
913 2519 1091 2552 antedicta.
1121 2529 1217 2563 quani
1240 2521 1270 2551 in
1293 2521 1416 2563 paratis
1446 2523 1476 2551 et
1507 2521 1688 2552 numeratis
1710 2521 1858 2562 pecuniis
1884 2529 2010 2563 perce-

148 2582 255 2624 pimus
271 2589 289 2611 a
307 2582 566 2613 testamentariis
588 2579 821 2624 infrascriptis.
839 2579 1044 2624 eandemque
1066 2579 1177 2612 villam
1200 2590 1339 2612 unacum
1362 2578 1529 2612 censibus.
1550 2578 1781 2624 proventibus.
1803 2578 2007 2612 utilitatibus.

146 2638 390 2672 usufructibus.
421 2638 625 2673 libertatibus
655 2644 686 2672 et
715 2642 930 2685 pertinenciis
959 2642 1140 2672 universis
1175 2638 1428 2683 quibuscunque
1458 2638 1645 2671 nominibus
1675 2639 1807 2672 valeant
1837 2639 2009 2684 appellari.

155 2705 251 2745 prout
291 2700 396 2733 dictus
426 2700 554 2733 Alscho
594 2705 624 2733 et
663 2704 711 2734 5111
751 2699 894 2733 heredes
929 2703 1032 2745 ipsam
1073 2700 1244 2744 hucusque
1283 2703 1470 2741 tenuerunt,
1509 2699 1568 2732 sub
1599 2702 1822 2744 reempcionis
1857 2699 1948 2732 titulo
1978 2704 2011 2732 et
