2358 3105
1243 200 1290 228 :to

1230 301 1304 336 27.

403 374 686 415 [lvii-aitsrvr-tras(
721 374 881 405 ‡·l!‘s³'⁴'sti.'.'
919 372 1093 403 illisam-th
1136 384 1196 403 ron
1229 371 1360 403 ‹im-lit:-
1399 371 1466 403 mtd
1514 371 1667 403 tritemius
1699 370 1836 413 Herzog]
1867 382 1929 403 rou
1963 370 2130 404 Broluml.

1037 435 1131 464 aient.
1169 433 1228 464 20.
1259 431 1332 463 Auli
1365 430 1470 464 Itos.

489 493 681 545 Juliaunes
713 514 776 544 «lux
803 510 1004 546 thireuudie.
1036 521 1150 543 comes
1184 510 1349 543 l·'laudrie.
1384 510 1529 543 Arthesii
1560 515 1588 543 et
1619 510 1811 551 Burgundie
1841 510 2015 556 palatiuuS.
2046 511 2200 544 dmuiuus

334 575 374 606 ile
405 576 524 606 Salutis
555 579 582 604 et
621 574 659 605 de
691 573 863 605 Mai-lilium
905 577 966 603 etc.
998 575 1026 603 et
1061 572 1225 604 Antonius
1255 570 1306 603 dei
1337 573 1450 607 gruem
1484 570 1687 612 Lathriug-ie.
1720 570 1906 604 Brabaucie
1933 575 1962 603 ct
1995 570 2200 616 Lymburgie

334 636 398 667 dux
423 646 573 678 sacrique
597 645 722 678 nupera
748 633 894 666 marchio
917 637 980 665 etc.
1003 634 1171 665 :universis
1192 636 1366 676 presentes
1389 632 1512 664 litteras
1534 634 1733 676 inspecturis
1754 632 1904 665 salutem.
1933 632 2013 665 (lum
2053 631 2201 665 Jacobus

334 700 445 727 cii-to<
482 695 773 730 ll'issessiwiileissis
813 698 840 724 et
882 695 1063 725 canonicus
1104 692 1281 733 l‘rageusis
1320 691 1551 734 ecclesiarum.
1605 692 1877 737 prothonotarius
1919 697 1949 725 et
1980 694 2200 729 secretarius,

334 756 620 787 ae'l'heodorieus
642 755 725 786 t'raa
758 765 915 798 pun-ertia
953 758 982 785 et
1028 756 1137 786 nuncii
1168 752 1380 786 venerabites
1419 757 1449 785 et
1480 753 1580 790 teffan
1612 753 1822 786 illustrissimi
1858 757 1890 785 et,
1919 753 2198 786 excellentissimi

336 819 489 860 principis
520 820 547 846 et
572 816 693 847 «lomim
725 815 845 847 domiui
870 814 1075 847 Weuzeslai.
1106 814 1157 847 dei
1188 816 1303 851 gracia
1327 813 1553 846 Romanorum
1577 816 1667 856 reg-ris
1688 824 1825 859 semper
1849 816 1980 857 augusti
2003 818 2035 846 et
2058 812 2196 847 Boemie

335 888 435 912 regis.
467 881 495 908 et
528 880 633 908 eciam
665 875 802 907 dilectus
842 880 870 907 et
904 874 1007 907 tidelis
1043 874 1252 907 consiliarius
1291 873 1520 907 camlwllauus
1559 878 1591 906 et
1633 873 1855 907 ambassiator
1885 878 2001 907 noster
2028 873 2201 908 Renerius

336 937 388 969 l’ot
431 937 523 968 miles
562 937 599 968 ait
632 940 846 980 conspectum
887 935 1035 968 eiusdem
1077 935 1301 968 Romanorum
1343 937 1432 975 regis
1469 937 1590 967 missus
1621 939 1714 980 parte
1748 939 1860 968 nostra
1901 946 1960 980 pro
1991 938 2131 968 tractatu
2168 939 2201 967 ct

334 1000 576 1042 prosecucione
606 999 804 1029 matrimonii
837 999 920 1029 inter
949 999 1222 1038 ing-emussimam
1249 996 1458 1029 domicellam
1489 994 1659 1028 Elizabeth
1691 995 1731 1028 de
1753 994 1887 1029 Gorlicz
1924 999 1956 1029 et
1991 1006 2052 1029 nos
2080 996 2197 1029 ducem

336 1058 529 1091 llrabaucie.
574 1057 667 1090 uobis
706 1060 782 1090 viva
831 1068 916 1089 voce
964 1057 1147 1091 retulerint.
1200 1057 1342 1090 cundem
1392 1067 1507 1100 regem
1558 1056 1708 1101 predicto
1758 1059 1968 1090 matrimonio
2016 1055 2200 1091 liberaliter

333 1121 546 1151 consensisse
585 1118 728 1162 illudque
767 1118 869 1150 l'uissc
907 1120 990 1150 iuter
1029 1128 1088 1150 eos
1128 1120 1263 1151 omnino
1299 1122 1331 1150 et¹
1369 1116 1409 1150 ad
1449 1117 1581 1162 plenum
1621 1117 1860 1150 concordatum
1900 1121 1931 1150 et
1969 1119 1999 1151 in
2044 1117 2198 1151 favorem

334 1183 433 1224 ipsius
465 1182 662 1212 tractavisse
692 1184 721 1211 et
743 1178 969 1211 concordasse
999 1178 1158 1211 articulos
1188 1183 1219 1211 ct
1240 1183 1362 1224 puncta
1393 1181 1423 1211 in
1454 1178 1586 1211 modum
1617 1182 1649 1210 et
1669 1177 1809 1211 sormam
1841 1182 2041 1223 sequentes:

490 1239 596 1273 l’rimo
636 1251 767 1284 nanque
810 1240 915 1272 dictus
954 1239 1181 1272 Romanorum
1212 1243 1244 1271 et
1274 1237 1410 1271 Boemie
1441 1249 1500 1271 rex
1541 1248 1606 1271 nou
1640 1248 1700 1283 per
1730 1249 1880 1271 errorem
1912 1243 1967 1272 aut
1995 1239 2196 1284 improvide.

333 1302 389 1334 sed
421 1305 529 1334 animo
567 1301 749 1333 deliberato
785 1311 935 1345 sanoque
971 1299 1112 1332 fidelium
1153 1310 1289 1333 suorum
1329 1299 1513 1332 accedente
1552 1299 1691 1332 consilio
1729 1299 1859 1344 prefate
1899 1299 2070 1333 Elizabeth
2109 1302 2199 1345 nepti

334 1374 392 1395 sue
422 1362 567 1395 roborat.
608 1361 780 1407 approbat.
812 1361 965 1395 ratillieat
995 1366 1022 1393 et
1055 1360 1230 1394 confirmat
1259 1363 1368 1393 omnia
1400 1363 1482 1393 iura.
1523 1363 1758 1394 successiones
1788 1365 1821 1393 et
1850 1360 2102 1398 devoluciones.
2133 1371 2198 1405 que

334 1423 392 1455 <itu
423 1424 462 1456 de
492 1427 574 1456 iure.
612 1423 854 1456 cousuetudine
890 1427 921 1456 et
951 1423 1068 1455 ordine
1107 1426 1180 1467 post
1215 1424 1318 1467 ipsius
1356 1424 1447 1465 regis
1491 1420 1627 1454 Boemie
1668 1431 1798 1454 necnon
1837 1424 2044 1454 serenissimi
2074 1421 2198 1455 domini

334 1484 537 1520 Sigismuudi
569 1487 657 1526 regis
692 1483 839 1527 sugat-ie
869 1488 900 1517 et
930 1486 1027 1517 etiam
1059 1483 1192 1516 illustris
1226 1482 1343 1516 Jodoci
1375 1481 1720 1526 Bran(lemburgensis
1750 1486 1782 1515 et
1811 1482 1963 1515 Moravie
1993 1481 2199 1516 marchionis

334 1550 471 1577 mortem
513 1549 645 1590 possent
685 1548 878 1589 competere
914 1544 1148 1589 quovismodo.
1195 1543 1230 1576 ln
1269 1554 1348 1577 casu
1392 1543 1561 1585 videlicet.
1601 1554 1665 1588 quo
1704 1546 1794 1588 ipsos
1832 1554 1933 1587 reges
1980 1541 2118 1576 Boemie
2167 1547 2200 1576 et

335 1605 481 1642 l‘uffarie
520 1610 548 1638 et
588 1604 750 1639 Jodocum
790 1605 1018 1638 marchionem
1058 1604 1169 1638 liberis
1207 1609 1237 1637 ct
1276 1603 1456 1637 heredibus
1495 1614 1539 1637 ex
1567 1606 1635 1638 suis
1665 1603 1862 1649 corporibus
1904 1606 2090 1649 procreatis
2123 1607 2200 1649 post

333 1678 391 1699 eos
429 1678 494 1700 non
525 1667 692 1700 derelictis
731 1666 770 1699 ab
811 1666 872 1699 hac
911 1666 996 1700 luce.
1036 1666 1120 1711 quod
1159 1669 1289 1698 avertat
1329 1665 1421 1701 deus,
1463 1668 1609 1710 migrare
1644 1667 1831 1709 contigerit.
1874 1675 1938 1709 quo
1973 1676 2051 1698 casu
2091 1667 2197 1710 ipsam

335 1726 504 1760 Elizabeth
545 1727 658 1760 reddet
691 1726 832 1761 habilem
872 1731 904 1761 et
932 1726 1116 1760 habilital)it
1146 1726 1232 1760 idem
1270 1737 1331 1759 rex
1363 1725 1590 1760 Romanorum
1630 1730 1661 1759 et
1700 1725 1836 1759 Boemie
1870 1725 1910 1758 ad
1950 1725 2198 1759 succedendum

334 1787 533 1832 ‹lebebitque
573 1791 641 1833 ipsa
672 1787 858 1821 succedere
897 1793 927 1821 et
957 1787 1117 1821 suecedet
1151 1787 1190 1820 ad
1221 1798 1338 1820 omues
1368 1787 1559 1831 dignitates,
1598 1789 1814 1832 principat-us,
1846 1786 1989 1819 dominia
2028 1790 2060 1819 et
2089 1790 2200 1819 terras

335 1848 463 1881 illorum
496 1860 611 1893 regrum
643 1854 673 1881 et
706 1848 908 1882 marchionis
939 1848 1076 1894 pacilice
1106 1853 1136 1881 et
1158 1851 1280 1893 quiete.
1312 1851 1384 1881 iure
1414 1852 1444 1880 et
1471 1847 1588 1881 ordine
1618 1846 1864 1892 impedimentis
1893 1858 1957 1880 non
1989 1846 2198 1880 obstantibus

335 1908 596 1954 quilmscuuque.
628 1910 706 1943 Item
737 1913 769 1943 in
807 1921 898 1943 casu.
929 1920 994 1954 quo
1024 1909 1130 1943 dictos
1160 1920 1262 1953 reges
1292 1908 1430 1942 Boemie
1459 1912 1491 1941 et
1524 1907 1674 1953 Ungarie
1704 1912 1736 1941 et
1765 1908 1992 1941 marchionem
2032 1907 2197 1942 Jodocum

334 1969 475 2003 heredes
514 1975 543 2003 et
575 1970 696 2004 liberos
735 1982 775 2004 ex
815 1974 883 2004 suis
921 1969 1118 2016 corporibus
1147 1974 1346 2015 procreatos
1381 1969 1507 2003 habere
1545 1972 1768 2014 contingeret,
1806 1969 1945 2002 ducatus
1975 1968 2199 2010 Gorticensis,

335 2030 580 2064 marchionatus
636 2032 775 2065 Lusaeie
826 2043 956 2065 necnon
1009 2029 1074 2064 alia
1122 2031 1265 2064 dominia
1313 2033 1386 2064 sive
1431 2035 1533 2073 terre.
1578 2041 1672 2076 quos,
1725 2041 1789 2075 que
1826 2034 1857 2063 et
1903 2040 1986 2075 quas
2024 2028 2199 2063 Johannes

333 2091 496 2136 quondam
533 2092 597 2125 dux
628 2092 833 2126 Gorliecnsis
871 2092 1001 2138 prefate
1030 2091 1202 2126 Elizabeth
1241 2094 1374 2136 genitor
1404 2091 1528 2133 habuit,
1558 2091 1632 2125 dum
1662 2093 1747 2125 vixit.
1776 2094 1806 2124 in
1838 2091 2001 2135 humanis7
2033 2093 2137 2124 tenuit
2165 2094 2199 2124 et

335 2153 493 2197 possedit.
525 2154 562 2185 ad
595 2157 696 2199 ipsam
727 2153 912 2187 Elizabeth.
942 2153 1065 2187 liberos
1095 2157 1127 2186 et
1156 2152 1300 2186 heredes
1330 2163 1409 2187 suos
1439 2153 1662 2186 devolventur
1691 2156 1722 2185 et
1743 2151 1957 2197 pertinebunt
1985 2151 2083 2197 pleno
2113 2153 2199 2191 iure,

335 2213 577 2258 impedimentis
607 2226 669 2248 uon
700 2214 905 2248 obstantibus
935 2213 1197 2259 quibuscunque.
1243 2213 1322 2247 Item
1371 2213 1457 2248 idem
1487 2225 1549 2247 rex
1578 2213 1715 2247 Boemie
1745 2212 1874 2258 prefate
1903 2211 2078 2246 Elizabeth
2107 2214 2198 2257 nepti

334 2285 392 2307 sue
432 2274 511 2307 favit
560 2280 589 2308 et
638 2276 769 2309 indulsit
807 2278 968 2320 regiaque
1007 2278 1205 2308 auctoritate
1235 2273 1373 2308 Boemie
1412 2274 1572 2318 indulget.
1612 2276 1747 2319 tuipsa
1786 2278 1817 2306 et
1855 2276 1926 2306 cius
1963 2275 2097 2306 nomine
2135 2282 2200 2306 nos

334 2335 500 2368 Antonius
531 2335 699 2380 predictus
729 2336 880 2369 ducatum
910 2335 1237 2373 LucembnrQ-ensem
1268 2346 1342 2368 cum
1373 2338 1529 2369 comitatu
1559 2333 1689 2380 Czini¹)
1720 2338 1753 2367 et
1783 2334 1965 2367 advocacia
1996 2333 2134 2367 Alsacie
2164 2337 2199 2366 et

334 2398 401 2428 suis
440 2399 665 2441 pertinenciis.
704 2408 766 2441 quc
805 2400 913 2429 onmia
953 2397 1102 2442 prelatus
1131 2396 1279 2429 Jodocus
1314 2407 1331 2429 a
1363 2395 1450 2429 dicto
1488 2406 1570 2440 rege
1600 2395 1737 2428 Boemie
1767 2398 1820 2428 via
1851 2397 2001 2440 pignoris
2038 2397 2128 2427 tenet
2165 2397 2198 2426 et

335 2456 492 2500 possidet.
523 2456 563 2489 ab
593 2458 709 2490 eodem
731 2457 861 2490 Jodoco
891 2457 1057 2490 redimere
1078 2461 1109 2489 et
1130 2456 1312 2490 exsolvere
1342 2459 1507 2503 possimus
1537 2460 1569 2489 et
1588 2456 1773 2497 valeamus.
1804 2467 1868 2500 quc
1903 2458 2001 2489 etiam
2022 2453 2197 2488 Elizabeth

334 2528 370 2549 se
409 2517 449 2549 dc
489 2522 614 2550 cetero.
652 2518 806 2562 quamdiu
841 2517 900 2551 sibi
939 2521 1006 2551 vita
1037 2528 1151 2551 comes
1180 2516 1291 2560 suerit,
1331 2517 1479 2551 eiusdem
1520 2517 1660 2550 ducatus
1689 2515 1996 2561 Lucemburgensis
2030 2516 2197 2549 ducissam

335 2580 454 2622 poterit
495 2577 711 2611 ell'cctualiter
749 2581 932 2611 nominare.
981 2578 1020 2611 ΕΙ
1051 2581 1076 2611 si
1107 2578 1245 2611 eandem
1284 2577 1456 2612 Elizabeth
1496 2577 1620 2612 liberos
1659 2582 1691 2610 et
1721 2577 1876 2611 heredes.
1913 2580 1996 2611 sieut
2031 2580 2199 2622 speratur,

495 2672 513 2707 ᾗ
542 2674 645 2708 s‘liiny,
672 2675 754 2700 lieute
779 2675 841 2700 eine
867 2675 948 2701 stadt
973 2676 999 2700 in
1029 2676 1153 2707 mels-rien,
1178 2676 1304 2701 ehemals
1329 2675 1508 2702 (trafschaft.
