2358 3105
1036 209 1081 243 39

128 319 211 358 iure.
250 326 314 360 quo
348 314 439 348 solus
468 319 726 360 comparaverat
762 326 802 348 ac
830 319 1040 360 perceperat.
1080 317 1111 347 in
1141 316 1289 347 terminis
1327 313 1367 347 ad
1407 313 1471 347 hoc
1500 317 1630 347 statutis
1668 315 1804 348 ulterius
1841 316 1986 348 discreto

128 379 202 409 viro
231 376 364 409 domino
393 374 530 408 Matlino
560 378 759 409 conventori
796 375 962 408 fructuum
991 374 1136 408 ecclesie
1165 375 1296 420 prefate
1330 374 1426 408 beate
1457 375 1562 409 Mario
1593 378 1732 419 virginis
1772 378 1801 408 in
1833 376 1988 420 preurbio

129 436 346 470 Olomucensi
383 434 503 469 ibidem
544 438 691 480 presenti
728 447 789 481 pro
828 438 946 480 viginti
985 438 1106 469 marcis
1145 446 1342 480 grossorum
1382 435 1503 469 ibidem
1542 435 1693 469 adstatim
1733 436 1839 469 eidem
1874 437 1988 470 solutis

129 500 217 531 iusto
246 496 455 530 vendicionis
485 500 515 529 et
537 499 720 541 empcionis
749 496 841 530 titulo
870 496 958 529 nullo
988 496 1063 529 dolo
1084 501 1138 529 aut
1167 501 1264 541 pacto
1295 496 1406 529 illicito
1437 507 1497 529 seu
1525 496 1713 542 corruptela
1744 499 1987 530 intervenienti·

129 556 280 591 vendidit
309 568 347 590 ac
372 556 413 590 de
442 556 562 590 eodem
592 556 841 590 condescendit.
872 556 1013 601 Insuper
1042 556 1107 589 duo
1136 556 1312 601 privilegia
1342 568 1444 601 super
1473 557 1562 589 dicto
1592 568 1693 590 censu
1725 556 1878 590 confecta
1909 569 1987 590 sana

128 622 161 651 et
196 620 326 662 integra
366 617 482 661 sigillis
521 619 664 650 civitatis
702 617 937 651 Olomucensis
976 616 1016 650 (10
1055 628 1132 650 cera
1171 616 1245 650 alba
1283 616 1323 650 ab
1362 621 1470 659 extra.
1510 617 1550 650 al)
1590 620 1673 650 intra
1702 628 1785 651 vero
1824 617 1988 651 rubeam

128 677 288 723 pressulis
318 680 513 723 pargameni
542 676 762 723 pendentibus
783 680 984 711 communita
1015 678 1121 711 eidem
1144 678 1278 711 domino
1297 677 1434 711 Matlino
1464 689 1530 711 non
1560 679 1750 723 compulsus
1779 683 1832 711 aut
1853 683 1988 711 coactus

128 750 187 772 seu
216 738 464 784 quomodolibet
492 741 752 781 circumventus,
769 738 827 772 sed
849 737 935 772 bona
965 737 1214 772 deliberacione
1240 738 1413 784 preliabita
1435 739 1536 780 dedii,
1554 739 1685 772 tradidit
1714 744 1838 773 etcum
1869 740 1987 773 effectu

127 802 314 844 assignavit
344 799 486 832 eundem
515 809 652 832 censum
681 799 860 832 tenendum
890 804 922 832 et
943 799 1261 845 apprehendendum
1290 802 1381 833 iuxta
1411 802 1654 833 continenciam
1686 800 1848 834 dictorum
1878 803 1987 846 privi—

127 861 303 904 legiorum.
334 862 482 901 Quorum
513 860 645 905 quidem
662 860 928 905 privilegiorum,
950 860 1107 893 videlicet
1134 862 1231 905 primi
1251 865 1348 894 tenor
1367 871 1428 906 per
1457 864 1565 894 onmia
1588 861 1770 894 dinoscitur
1799 872 1874 895 esse
1895 861 1988 895 talis:

131 920 225 964 „Nos
254 920 412 954 Nicotaus
437 920 566 965 Ngtderl
594 920 790 962 advocatus.
825 920 989 954 Martinus
1019 920 1126 954 Pauer
1156 924 1317 965 magister
1345 924 1467 955 civium
1600 921 1719 955 Datum
1749 922 1854 967 pridie
1883 925 1989 955 sancti

127 981 257 1021 Jacoln,
284 992 370 1015 anno
397 981 521 1014 domini
543 980 775 1014 MCCCCIV.‘·'
807 981 890 1023 (eid.
912 980 995 1014 Cod.
1014 981 1093 1025 dipl.
1113 981 1247 1015 Moror.
1267 981 1369 1024 XIII,
1391 993 1473 1025 paq.
1492 981 1579 1015 332.
1605 994 1656 1015 nr.
1674 981 1779 1025 321.)
1804 1003 1853 1006 —
1877 982 1989 1016 Tenor

129 1053 212 1076 vero
250 1041 388 1076 secundi
425 1042 593 1087 privilegii
630 1042 671 1074 de
700 1041 806 1075 verbo
844 1042 883 1074 ad
922 1041 1064 1075 verbum
1103 1042 1174 1075 talis
1203 1041 1365 1075 liabetur:
1407 1042 1500 1087 „Nos
1537 1043 1763 1077 XVenceslaus
1803 1042 1989 1089 Grelyczer

128 1103 324 1145 advocatus,
358 1101 526 1147 Philippus
554 1101 689 1145 Longus
723 1104 883 1146 magister
912 1104 1035 1135 civium
1167 1101 1288 1135 Datum
1322 1107 1418 1136 sexta
1452 1102 1534 1136 feria
1569 1108 1643 1148 post
1671 1103 1866 1145 Katlierine‚
1901 1114 1987 1137 anno

129 1164 250 1198 domini
267 1161 484 1197 MCCCCV.‘·'
509 1163 591 1205 (rid.
618 1162 700 1195 le.
721 1162 801 1206 dipl.
824 1161 958 1195 Moram.
980 1162 1083 1205 XIII,
1101 1174 1183 1206 pay.
1206 1163 1293 1197 420.
1309 1175 1360 1196 nr.
1379 1162 1486 1205 387.)
1500 1184 1547 1187 —
1569 1164 1678 1209 Super
1698 1164 1815 1209 quihus
1836 1164 1988 1198 omnibus

129 1229 160 1259 et
179 1224 318 1269 siugulis
337 1224 454 1268 prefati
477 1224 599 1257 domini
614 1223 761 1257 Jacobus
782 1228 813 1257 et
828 1222 984 1257 Maltinus
1005 1226 1179 1268 pecierunt
1198 1227 1277 1269 ipsis
1298 1235 1358 1269 per
1375 1235 1427 1257 ine
1447 1227 1611 1258 notarium
1632 1224 1800 1270 publicum
1823 1230 1989 1270 tamquam

127 1296 305 1331 personam
327 1287 529 1318 autenticam
546 1295 644 1317 unum
661 1284 716 1317 vel
737 1289 830 1330 plura
851 1284 1016 1329 publicum
1038 1295 1096 1318 seu
1117 1284 1247 1330 publica
1269 1284 1389 1318 confici
1408 1288 1664 1319 instrumentum
1681 1286 1737 1319 vel
1757 1289 1986 1320 instrumenta.

128 1347 214 1381 Acta
235 1351 311 1379 sunt
331 1345 394 1379 hec
414 1356 513 1378 anuo.
536 1345 732 1387 indiccione.
756 1345 820 1388 die,
841 1356 969 1387 mense,
990 1344 1085 1388 hora,
1107 1345 1318 1391 pontificatus
1344 1350 1376 1379 et
1396 1346 1472 1380 loco
1493 1345 1611 1391 quibus
1641 1357 1752 1392 supra.
1778 1347 1988 1392 presentibus

129 1408 281 1441 discretis
302 1408 383 1439 viris
405 1406 538 1439 domino
568 1404 712 1439 Budslao
742 1406 782 1439 de
811 1405 1024 1440 Beneschaw
1054 1409 1239 1440 sacristano
1269 1406 1413 1440 ecclesie
1441 1406 1538 1440 beate
1565 1406 1672 1440 Marte
1692 1410 1834 1452 virginis
1864 1418 1987 1454 supra—

129 1468 228 1510 dicte.
265 1466 393 1501 Jacobo
423 1466 588 1500 Kostrzab
623 1465 664 1499 de
693 1466 825 1511 Pyeslza
864 1471 897 1500 et
924 1466 1130 1500 Wenceslao
1170 1467 1210 1500 de
1239 1467 1426 1509 Kozussan,
1468 1468 1605 1514 puhlicis
1642 1471 1781 1502 notariis
1810 1468 1987 1514 Pragensis

128 1532 161 1562 et
190 1528 427 1562 Olomucensis
457 1527 612 1570 diocesis,
643 1532 675 1560 et
704 1527 776 1561 aliis
804 1526 980 1572 fidedignis
1010 1527 1148 1561 testibus
1178 1531 1267 1561 circa
1296 1531 1460 1574 premissa
1491 1532 1689 1563 constitutis.

283 1587 325 1622 Et
345 1599 410 1633 ego
428 1586 519 1621 Crux
535 1587 745 1633 Tyesskonis
766 1587 806 1621 de
823 1587 1008 1622 Baworow
1028 1588 1170 1622 clericus
1186 1588 1420 1623 Olomucensis
1438 1589 1593 1633 diocesis,
1614 1590 1775 1635 imperiali
1792 1593 1988 1624 auctoritate

128 1648 277 1695 publicus
312 1652 461 1683 notarius
489 1648 628 1694 predicti
658 1639 778 1682 census
808 1648 1010 1691 vendicioni‚
1049 1651 1215 1694 empcioni
1253 1654 1284 1683 et
1322 1650 1577 1695 priviIegioruin
1615 1653 1840 1695 assignacioni
1879 1662 1917 1684 ac
1947 1651 1987 1685 de

128 1711 248 1744 eodem
278 1709 558 1743 condescensioni
587 1709 807 1754 omnibusque
837 1709 908 1742 aliis
946 1713 977 1742 et
1006 1710 1148 1754 singulis
1176 1713 1361 1755 premissis.
1388 1710 1462 1744 dum
1501 1714 1550 1744 sic
1579 1716 1611 1744 ut
1645 1715 1843 1756 premittitur
1871 1711 1987 1745 fierent

129 1775 161 1805 et
189 1775 383 1815 agerentur‚
413 1781 553 1804 unacum
584 1772 825 1815 prenominatis
854 1769 991 1803 testibus
1020 1781 1162 1815 presens
1191 1770 1237 1803 fui
1267 1782 1373 1816 eaque
1403 1774 1451 1805 sic
1480 1770 1551 1804 fieri
1579 1771 1648 1805 vidi
1677 1777 1709 1805 et
1738 1773 1859 1806 audivi.
1890 1784 1988 1806 manu

128 1834 263 1877 propria
302 1833 488 1877 conscripsi
525 1835 558 1864 et
594 1834 626 1864 in
659 1830 745 1864 hanc
782 1830 948 1876 publicam
986 1830 1128 1864 formam
1166 1831 1285 1876 redegi
1322 1834 1488 1877 signoque
1526 1837 1557 1865 et
1592 1835 1726 1866 nomine
1764 1836 1846 1866 meis
1884 1833 1988 1867 solitis

129 1895 329 1937 consignavi
354 1894 532 1937 requisitus
561 1896 594 1925 et
613 1896 752 1936 rogatus
782 1894 814 1925 in
834 1891 932 1925 fidem
962 1896 994 1925 et
1015 1894 1239 1925 testimonium
1270 1895 1417 1926 omnium
1447 1897 1477 1926 et
1499 1893 1705 1937 singulorum
1735 1897 1985 1939 premissorum.

134 1951 360 1986 Umm'ltelbur
397 1952 508 1985 daran
546 1951 735 1985 sclzle'essen
769 1951 842 1985 sich
879 1952 965 1985 120ch
996 1953 1050 1985 die
1078 1952 1298 1986 Insertionen
1329 1954 1390 1986 (let-
1423 1952 1604 1986 Crlfemden
1634 1964 1699 1986 1·οη
1732 1953 1841 1988 1405.
1876 1954 1986 1987 Octo-

129 2013 190 2046 ber
219 2012 264 2046 21
297 2013 400 2055 (eod.
440 2012 520 2056 dipl.
552 2012 687 2045 Morac.
718 2012 821 2055 XIII,
845 2024 929 2057 paq.
952 2012 1039 2048 419.
1069 2025 1120 2046 nr.
1142 2012 1248 2057 385),
1279 2013 1390 2057 1406.
1424 2013 1573 2047 October
1603 2013 1649 2047 15
1679 2013 1877 2058 (thictpay.
1901 2014 1986 2048 484.

129 2085 180 2107 ην.
212 2073 304 2116 443)
335 2074 402 2106 um!
430 2072 540 2117 1408,
569 2074 707 2117 Aetyust
734 2072 780 2106 31
813 2075 857 2116 [s.
889 2076 988 2107 meten.
1017 2086 1068 2107 nr.
1098 2073 1178 2115 34.)

437 2153 558 2178 Iuserirt:
595 2153 624 2178 in
662 2153 712 2178 der
747 2153 1083 2187 Bestatigungsurkunde
1118 2154 1167 2179 des
1206 2154 1353 2179 Olmiitzer
1386 2154 1596 2180 biscliijfliehen
1633 2154 1762 2180 Officials
1798 2154 1893 2180 Sulieo
1932 2163 1987 2180 von

542 2196 664 2231 Zelezna
687 2205 753 2233 dcto,
779 2205 903 2237 Oimfitz,
930 2206 978 2233 12.
1002 2205 1086 2239 April
1112 2205 1205 2233 1412,
1229 2221 1272 2224 —
1296 2205 1420 2237 Olmiitz,
1444 2206 1553 2232 Archiv
1577 2206 1625 2231 des
1650 2206 1855 2239 Domcapitels.

1021 2351 1098 2386 33.

132 2419 235 2453 Notiz-
264 2419 349 2453 -uher
377 2420 432 2453 die
459 2431 525 2454 con
554 2420 723 2454 nicolaus
760 2421 833 2454 dem
863 2419 984 2454 Butler
1021 2432 1067 2454 an
1095 2420 1235 2454 Joleann.
1267 2421 1583 2465 Gerstensteuphel.
1621 2420 1757 2453 ι101101111
1790 2420 1884 2453 Eber
1921 2420 1988 2452 ιιηιΙ

338 2479 490 2514 Michael
516 2480 600 2515 Polz
628 2481 809 2515 bez-ahlten
836 2480 1002 2526 Betra‘qe.
1037 2502 1079 2506 —
1112 2481 1172 2514 Dt.
1202 2480 1384 2524 [Olmutz-J.
1414 2480 1473 2514 23.
1505 2481 1641 2525 August
1669 2480 1779 2515 1408.

284 2549 401 2595 (Anno
430 2550 555 2584 domini
582 2548 767 2585 MOCCCC0
786 2551 926 2595 octavo)
970 2554 1002 2585 in
1042 2551 1156 2596 vigilia
1195 2550 1424 2585 Bartholomei
1462 2554 1494 2584 in
1526 2551 1623 2596 pleno
1662 2551 1800 2585 consssio
1829 2549 1986 2584 Nicotaus

129 2609 303 2644 balneator
331 2613 363 2643 111
390 2609 636 2656 Puczengessel
664 2611 826 2657 persolvit
856 2622 954 2645 unam
983 2623 1132 2646 marcam
1161 2611 1306 2645 ι1011311111
1336 2610 1636 2657 Gerstensteuphel
1674 2616 1705 2645 et
1734 2611 1871 2644 realiter
1898 2621 1985 2656 pro-

133 2670 237 2715 bavit,
259 2682 295 2705 se
324 2675 394 2704 tres
423 2682 553 2705 marcas
581 2675 671 2717 prius
699 2671 845 2706 Johanni
863 2671 955 2706 Eber
982 2672 1214 2718 persolvisse3
1235 2677 1265 2706 et
1287 2683 1384 2706 unam
1406 2683 1550 2705 marcam
1580 2671 1735 2706 Michaeli
1754 2671 1852 2705 Polcz
1881 2674 1986 2705 eciam
