2358 3105
1049 214 1094 246 (523

140 315 298 350 Andreas
327 316 432 350 dictus
462 315 564 369 Gelfz
593 319 773 350 canonicus
795 317 1038 354 Olomucensis,
1069 317 1240 351 confrater
1269 323 1383 351 noster
1411 321 1603 351 carissimus
1633 330 1675 351 ex
1707 330 1769 351 una
1800 325 1828 351 el
1852 320 1996 364 prudens

139 379 192 410 vir
222 375 338 410 Petrus
376 377 481 411 dictus
512 378 592 411 Oler
630 378 729 411 iudex
768 383 883 411 nostor
920 382 952 411 et.
989 378 1133 411 ecclesie
1163 378 1395 412 Olomucensis
1433 379 1581 424 predicte
1620 379 1660 412 (lo
1698 380 1812 423 Longa
1842 379 1927 413 Villa
1968 382 1999 413 in

140 437 294 470 undecim
324 437 441 481 laneis,
471 437 597 471 habens
626 437 746 471 ibidem
776 438 914 472 liborum
945 438 1098 472 iudicium
1129 442 1221 483 parte
1257 450 1299 472 ex
1329 439 1444 478 altera„
1475 439 1527 472 ubi
1557 439 1661 472 dictus
1693 440 1806 472 Petrus
1838 440 1938 473 index
1969 443 2000 473 in

141 498 285 543 capitulo
313 499 477 542 generali,
507 500 592 543 quod
614 500 755 543 singulis
775 502 870 532 annis
892 502 922 532 in
944 499 995 532 die
1020 502 1125 532 sancti
1146 499 1234 532 Petri
1263 499 1302 532 ad
1325 498 1558 546 cathem-anst]
1590 511 1663 533 cum
1685 500 1799 533 diebus
1821 504 1997 544 sequi-nti—

141 557 202 591 bus
231 558 315 591 solct
344 558 520 601 celebrari,
560 562 739 604 proposuit.
778 560 919 604 qualiter
947 564 1098 605 ternpore
1126 570 1339 603 gwerrarum
1379 563 1450 606 ipsc
1480 561 1704 606 multipliciter
1733 560 1874 605 dampna
1906 564 1999 605 quasi

141 618 413 664 irrecuparabilia
452 630 495 653 ex
525 619 594 653 dira
633 622 841 653 inimicorum
878 619 1131 653 macliinacione
1160 623 1379 666 percepisset,
1417 625 1465 655 sic
1504 621 1591 666 quod
1631 622 1772 667 dampna
1812 621 1998 654 huiusmodi

140 679 281 713 comode
310 690 375 713 non
396 684 509 725 posset
538 679 735 714 reformare.
767 680 879 721 Quare
899 679 994 713 nobis
1015 680 1121 714 dictus
1142 680 1259 715 Petrus
1280 681 1381 715 iudex
1402 681 1570 715 humiliter
1594 682 1803 728 supplicavit‚
1834 684 1998 726 quatinus.

141 743 175 772 ut
212 742 283 785 ipse
321 743 456 773 racione
489 740 745 774 reformacionis
784 745 887 775 status
925 743 975 774 sui
1004 752 1100 774 unam
1140 752 1286 775 marcam
1325 753 1521 787 grossorum
1551 741 1768 787 Pragcnsimn
1808 745 1936 775 numeri
1966 746 1999 774 et

144 803 336 846 pagamenti
365 800 581 835 Moravicalis
616 804 768 847 perpetui
797 804 897 835 annui
927 813 1047 835 census
1085 813 1145 847 pro
1176 802 1291 836 decem
1324 806 1444 836 marcis
1473 814 1669 847 grossorum
1700 805 1828 836 numeri
1858 802 1999 848 predicti

143 860 184 894 de
215 865 247 894 et
275 872 377 907 super
405 861 527 895 iudicio
556 873 616 896 suo
644 862 794 907 predicto
823 873 863 896 ac
891 862 1044 896 omnibus
1082 867 1113 896 et
1143 863 1282 908 singulis
1311 866 1412 908 ipsius
1441 866 1656 909 pertinenciis
1686 866 1787 909 possit
1826 868 1857 897 et
1887 863 1998 897 valeat

141 921 271 966 prefato
300 922 433 955 domino
465 922 603 956 Andree
634 925 796 956 canonico
826 925 888 956 rite
926 927 958 956 et
987 923 1235 957 racionabiliter
1263 924 1424 961 vendere:
1454 929 1602 958 nostrum
1633 924 1671 957 ad
1703 924 1766 957 hoc
1796 935 1998 957 consensum

140 981 359 1027 preberemus
389 987 422 1016 et
450 994 635 1017 assensum.
680 982 749 1017 Nos
778 986 879 1028 igitur
907 984 1188 1029 supplicacionem
1226 984 1302 1017 dicti
1331 984 1419 1018 Petri
1457 985 1572 1018 iudicis
1602 984 1839 1018 racionabilem
1869 996 1908 1018 ac
1937 987 1999 1018 iuri

141 1052 324 1076 consonam
346 1047 536 1079 censentes.¹
558 1044 729 1089 capitulari
751 1043 998 1077 deliberacione
1018 1044 1190 1090 preliabita
1212 1045 1250 1077 ad
1274 1044 1461 1078 huiusmodi
1482 1048 1690 1090 empcionem
1712 1050 1743 1078 et
1764 1045 1997 1078 vendicionem

139 1107 290 1136 nostrum
320 1103 470 1136 dedimus
507 1108 539 1137 et
567 1104 683 1137 damus
712 1115 924 1138 consensum.
973 1104 1044 1138 Tali
1075 1109 1185 1138 tamen
1223 1105 1351 1138 adiecta
1381 1105 1590 1144 condicione,
1630 1105 1715 1150 quod
1747 1105 1852 1138 dictus
1881 1104 1998 1138 Petrus

139 1163 240 1197 iudex
269 1166 438 1208 ipsiusque
467 1163 611 1197 heredes
640 1165 792 1208 legittimi
821 1169 853 1198 et
881 1176 1110 1208 successores,
1149 1170 1320 1210 postquam
1351 1166 1518 1199 voluerint
1546 1171 1601 1199 aut
1630 1168 1783 1212 poterint5
1814 1165 1997 1211 predictum

140 1235 279 1258 censum
309 1235 452 1258 annuum
482 1228 578 1258 unius
599 1236 711 1259 marce
741 1229 771 1259 in
792 1225 863 1259 aliis
884 1228 985 1259 certis
1013 1225 1108 1259 honis
1129 1236 1189 1271 pro
1211 1225 1477 1271 equivalentibus
1507 1226 1623 1259 decem
1651 1229 1771 1259 marcis
1801 1236 1997 1270 grossorum

140 1289 195 1318 aut
233 1287 351 1318 maiori
388 1296 516 1318 summa
556 1288 587 1318 in
617 1285 690 1319 loco
729 1289 944 1320 convenienti
982 1291 1014 1320 et
1046 1290 1127 1329 tuto,
1163 1291 1260 1331 prout
1297 1286 1393 1320 nobis
1432 1291 1463 1320 et
1491 1290 1570 1333 ipsis
1610 1287 1728 1320 melius
1768 1291 1799 1320 et
1829 1285 1998 1320 efficacius

141 1345 311 1379 videbitur
339 1346 515 1391 expedire,
543 1346 679 1379 valeant
708 1357 747 1380 ac
776 1350 903 1392 possint
932 1358 1045 1380 emere
1084 1351 1113 1380 et
1144 1358 1352 1392 comparare.
1402 1347 1475 1380 Hoc
1511 1350 1615 1380 eciam
1655 1347 1871 1389 addicientes,
1911 1346 1997 1391 quod

140 1405 226 1439 dicta
255 1417 368 1440 marca
397 1417 592 1451 grossorum
632 1410 729 1440 annui
759 1418 880 1441 census
916 1412 990 1453 post
1026 1412 1166 1441 mortem
1207 1407 1283 1441 dicti
1322 1407 1445 1441 domini
1474 1407 1612 1441 Andree
1650 1410 1801 1441 canonici
1830 1407 1924 1441 nobis
1963 1411 1995 1440 et

140 1467 285 1500 ecclesie
315 1466 530 1500 Olomucensi
567 1467 716 1512 predicte
745 1468 884 1512 singulis
913 1471 1007 1501 annis
1040 1471 1211 1514 perpetuis
1242 1467 1446 1514 temporibus
1482 1471 1514 1501 in
1544 1468 1629 1502 festo
1667 1471 1773 1502 sancti
1802 1468 1997 1501 W⁷e11ceslai

141 1539 201 1574 per
236 1527 357 1561 dictum
387 1527 520 1561 Petrum
549 1528 691 1561 iudicem
721 1539 759 1561 ac
788 1538 866 1561 suos
903 1527 1046 1562 heredes
1082 1533 1114 1562 et
1142 1528 1322 1573 legittimos
1351 1539 1569 1562 successores
1603 1528 1722 1562 debeat
1757 1529 1827 1562 dari
1866 1533 1895 1561 et
1926 1531 1998 1561 sine

141 1591 231 1622 omni
260 1589 531 1622 contradiccione
560 1591 725 1633 assignari
750 1599 810 1634 pro
840 1591 1071 1622 anniversario
1102 1589 1188 1623 dicto
1218 1589 1351 1623 domino
1372 1589 1512 1623 Andree
1542 1592 1704 1623 canonico
1734 1589 1872 1634 singulis
1902 1591 1998 1622 annis

141 1654 305 1695 tempore.
343 1654 443 1695 prout
470 1661 531 1695 per
559 1653 663 1695 ipsum
694 1649 879 1683 ordinatum
913 1649 1023 1685 fuerit,
1065 1649 1220 1683 faciendo
1250 1654 1282 1683 et
1310 1650 1517 1695 peragendo.
1566 1649 1661 1691 Quod
1691 1653 1719 1684 si
1747 1649 1853 1683 dictus
1882 1649 1998 1683 Petrus

140 1711 255 1754 iudex,
285 1710 429 1744 heredes
451 1711 505 1745 vel
535 1721 751 1744 successores
780 1712 829 1743 sui
858 1712 890 1743 in
920 1713 1023 1755 ipsius
1052 1721 1173 1744 census
1202 1711 1374 1744 solucione
1403 1711 1591 1756 neglientes
1621 1715 1675 1744 aut
1705 1713 1836 1744 remissi
1866 1710 1998 1744 fuerint.

141 1776 266 1806 extunc
294 1774 356 1816 ipsi
385 1776 417 1805 et
445 1770 582 1817 quilibet
611 1783 725 1805 eorum
756 1774 899 1817 poterint
934 1775 965 1804 et
994 1770 1136 1804 debeant
1165 1771 1318 1816 compelli
1348 1771 1608 1805 ecclesiasticam
1638 1782 1698 1817 per
1727 1782 1915 1804 censuram.
1963 1770 1999 1804 In

140 1835 235 1867 cuius
264 1835 314 1866 rei
335 1835 559 1866 testimonium
581 1832 724 1877 sigillum
747 1831 878 1877 capituli
907 1833 1011 1865 nostri
1032 1833 1139 1864 minus
1169 1831 1379 1876 presentibus
1401 1836 1452 1865 est
1471 1842 1666 1877 appensum.
1696 1831 1816 1865 Datum
1839 1831 1998 1865 Olomucz

139 1895 172 1927 in
210 1893 352 1939 capitulo
391 1897 507 1927 nostro
545 1893 695 1938 generali
734 1892 895 1938 predicto,
933 1890 993 1925 sub
1029 1902 1117 1925 anno
1156 1891 1280 1925 domini
1318 1891 1492 1925 millesimo
1531 1892 1860 1937 quadringentesimo
1897 1902 1996 1925 nono.

450 1962 540 1998 Orig.‚
565 1963 658 1997 Perg.‚
683 1963 734 1988 das
751 1971 807 1988 von
831 1962 880 1987 der
903 1962 1013 1987 Pressel
1037 1961 1219 1996 abgerissene
1235 1961 1329 1996 Siegel
1352 1962 1423 1995 liegt
1445 1962 1473 1987 in
1495 1962 1544 1987 der
1561 1962 1656 1987 Hiille.
1676 1977 1715 1980 —
1739 1961 1862 1996 Olnmtz,
1889 1961 1997 1987 Archiv

553 2015 602 2040 des
627 2014 829 2047 Domeapitels,
854 2014 888 2040 A.
913 2014 969 2040 III.
993 2013 1021 2040 b.
1048 2014 1076 2041 2.

140 2249 280 2282 ,ΙοΙιαηιι
308 2248 376 2281 und
403 2247 570 2281 Heinrich
599 2258 662 2280 1·οη
693 2246 932 2279 Boreelfom'ce
957 2244 1145 2289 zfferlccmfen
1174 2245 1246 2278 dem
1275 2244 1410 2277 Johmm
1441 2245 1509 2277 und
1528 2244 1669 2279 Martin.
1702 2244 1901 2277 Gebrlldern
1931 2254 1994 2277 von

413 2308 590 2342 Deschaa.
620 2309 707 2341 zenez·
733 2306 853 2340 Lalme
881 2307 914 2339 in
943 2305 1193 2339 Borec'korice.
1225 2325 1271 2329 —-
1302 2304 1360 2338 Dc.
1394 2304 1450 2338 12.
1485 2304 1582 2337 Mai-z
1612 2304 1722 2338 1409.

295 2376 358 2430 Ja
386 2396 449 2430 Jan
487 2408 504 2429 z
533 2394 745 2429 Boi-eckovic
783 2405 799 2426 a
833 2394 869 2437 ja
897 2392 1045 2426 Jindrich
1084 2403 1147 2437 syn
1180 2391 1262 2436 jeho
1300 2391 1375 2424 take
1417 2403 1434 2424 z
1472 2390 1685 2425 Boi-eckovic
1723 2394 1831 2425 1113ὲί
1867 2391 1996 2424 erbove

141 2459 355 2503 vyznavame
383 2460 475 2490 timto
504 2457 611 2490 listem
641 2455 768 2489 obecne
797 2456 902 2495 vsem‚
933 2453 1018 2486 kdoz
1043 2453 1089 2496 jej
1120 2454 1211 2485 uzi-Ie
1245 2451 1330 2485 nebo
1360 2454 1433 2484 cluo
1462 2451 1600 2497 uslysie.
1632 2455 1670 2485 ie
1695 2453 1783 2495 J'sme
1812 2462 1827 2485 s
1857 2450 1996 2496 dobrffm

141 2517 342 2563 rozmyslem
381 2528 399 2550 3
429 2516 510 2550 radii
550 2516 665 2550 nasich
695 2514 799 2560 pratel
829 2525 850 2547 v
880 2518 913 2547 tu
942 2513 1055 2556 chvili‚
1090 2513 1181 2556 jeZto
1207 2514 1294 2556 jsme
1331 2516 1362 2545 to
1392 2511 1495 2545 dobre
1530 2511 1632 2545 mohli
1661 2514 1773 2545 uciniti
1803 2523 1817 2545 s
1846 2514 1998 2557 pravem.

139 2578 268 2624 prodali
305 2589 376 2612 sme
402 2576 539 2611 >naseho
568 2575 736 2611 vlastniho
776 2575 940 2608 dedictvie
979 2574 1043 2608 dva
1080 2573 1159 2619 lany
1188 2584 1210 2606 v
1239 2571 1505 2606 Boreckovicich
1536 2583 1558 2604 v
1587 2575 1617 2605 te
1650 2575 1699 2605 vsi
1738 2584 1753 2605 s
1782 2572 1845 2605 roli
1883 2583 1898 2606 s
1932 2571 2000 2616 haji

297 2688 319 2725 ¹)
343 2691 368 2716 d.
392 2690 411 2718 i.
437 2691 486 2717 22.
511 2690 639 2716 Februar
