2358 3105
1041 205 1140 259 ¹31

143 319 268 347 tramur
296 317 328 345 ot
356 322 555 356 congruum,
594 316 627 344 ut
657 311 719 344 illis
757 322 794 344 se
824 311 940 344 reddat
977 311 1076 344 sedes
1113 309 1294 355 apostolica
1331 312 1534 353 graciosum.
1572 308 1689 352 quihus
1725 309 1762 340 :ld
1799 308 1827 341 id
1866 311 1999 353 propria

141 377 297 408 virtutum
329 375 444 406 merita
474 371 683 405 laudabiliter
712 372 948 416 suffragantur.
1004 370 1159 404 Exhibita
1194 370 1357 414 siquidem
1395 368 1489 402 nobis
1526 380 1632 414 nupt-r
1675 380 1733 413 pro
1764 373 1856 413 parte
1886 369 1996 402 dilecti

141 434 195 467 lilii
223 433 385 467 Johannis
414 432 589 466 Laurencii
621 433 661 465 de
693 431 943 466 Drosskowiez.
974 430 1163 476 presbyteri
1193 430 1427 464 Oloniucensis
1457 430 1612 462 diocesis.
1643 431 1763 473 peticio
1793 428 1997 467 continebat„

138 494 227 539 quod
249 493 325 527 olim
346 492 546 538 parrochiali
577 493 720 526 ecclesia
741 495 847 526 sancti
871 491 1064 526 Wenceslai
1094 494 1127 525 in
1146 490 1389 525 Drosskowicz
1419 490 1505 523 dicte
1534 490 1691 527 diocesis,
1712 500 1809 534 quam
1831 489 1995 533 quondam

142 555 275 590 Ulricus
309 554 395 587 dicte
433 553 578 587 ecclesie
616 558 728 586 rector
766 553 840 586 dum
881 556 1013 587 viveret
1047 551 1228 585 obtinebat.
1268 562 1327 596 per
1356 554 1457 596 ipsius
1498 550 1597 584 Ulrici
1641 550 1777 589 0111111111,
1816 553 1869 594 qui
1899 554 1995 582 extra

141 615 325 649 Romanam
356 618 483 648 curiam
512 614 597 647 dicm
628 614 745 647 clausit
773 618 973 655 extremum,
999 618 1154 655 vacante,
1183 612 1304 646 dilecte
1334 615 1365 645 in
1386 611 1519 645 Christo
1550 611 1613 644 filie
1640 611 1810 644 Dorotliea
1831 609 1999 643 abbatissa

141 680 174 709 ct-
202 679 388 709 conventus
417 676 601 713 monasteri
640 674 743 708 Vallis
773 679 887 708 sancte
914 674 1021 708 Marie
1050 677 1081 706 in
1112 672 1265 707 Osslavia
1297 673 1530 706 cisterciensis
1568 671 1695 704 ordinis
1725 671 1811 704 dicte
1841 671 1997 714 diocesis,

141 748 214 770 cum
257 736 295 769 ad
335 735 535 769 abbatissam
579 735 655 768 dicti
700 738 891 769 monasterii
929 746 988 780 pro
1032 739 1183 780 tempore
1221 737 1420 767 existentem
1464 737 1497 766 et
1531 737 1733 765 conventum
1776 731 1923 777 prefatas
1959 731 2001 764 de

140 800 273 843 antiqua
312 801 344 830 et
373 795 553 841 approbata
592 807 631 828 ac
671 796 831 829 hactenus
868 794 1008 842 pacifice
1044 794 1223 829 observata
1263 793 1503 827 consuetudine
1542 795 1752 838 presentacio
1787 794 1929 825 rectoris
1959 792 1997 824 ad

140 858 259 891 dictam
289 857 480 900 ecclesiam,
510 867 584 889 cum
607 861 716 892 vacat.
739 859 914 902 pertineat,
936 855 1101 901 prefatum
1132 855 1318 888 ι1011311110111
1353 854 1473 887 dilecto
1504 853 1568 886 lilio
1589 852 1733 886 Jolianni
1755 853 1794 886 de
1825 852 1999 886 Straznicz

141 919 270 952 decano
313 917 458 951 ecclesie
500 916 748 954 olomucensis,
779 915 980 950 venerabilis
1018 916 1131 950 fratris
1172 918 1276 949 nostri
1316 914 1461 948 Com-adi
1504 917 1652 960 episcopi
1693 913 1926 947 Olomucensis
1968 915 2001 946 in

140 978 364 1025 spiritualibus
393 980 521 1011 vicario
545 977 709 1021 generali,
735 977 773 1010 ad
805 981 907 1022 ipsam
938 977 1115 1010 ecclesiam
1145 979 1193 1010 sic
1222 980 1399 1009 vacantem
1430 975 1513 1008 inl'ra
1545 979 1673 1020 tempus
1704 975 1886 1018 legitimum
1916 984 2001 1018 pre-

141 1043 325 1082 sentarunt,
355 1041 493 1084 ipseque
524 1040 668 1071 vicarius
697 1038 862 1083 prefatum
891 1037 1077 1071 Johannem
1108 1038 1284 1071 Laurencii
1313 1039 1344 1069 in
1374 1040 1539 1069 rectorem
1570 1037 1671 1080 ipsius
1701 1034 1845 1068 ecclesie
1874 1038 2000 1067 aucto-

140 1103 237 1134 ritate
266 1099 435 1133 ordinaria
465 1101 616 1133 instituit.
647 1098 820 1143 dictusque
848 1098 1021 1132 ,lohannes
1050 1101 1171 1143 vigore
1208 1099 1476 1143 presentacionis
1505 1101 1537 1129 et
1567 1098 1786 1129 institucionis
1816 1095 1998 1128 earundem

139 1163 390 1206 possessionem
420 1159 571 1193 eiusdem
601 1159 744 1192 ecclesie
774 1162 882 1192 extitit
911 1164 1095 1192 assecutus.
1153 1158 1236 1192 Cum
1274 1162 1397 1193 autem.
1426 1160 1512 1191 sicut
1540 1156 1657 1190 eadem
1696 1158 1816 1201 peticio
1853 1154 2000 1188 subiun—

139 1219 253 1265 gebat,
282 1221 386 1254 dictus
414 1219 587 1254 Johannes
617 1219 752 1261 dubitet„
790 1222 1079 1265 presentat-ionem
1110 1225 1142 1253 et
1180 1222 1424 1252 institucionem
1466 1218 1634 1263 predictas
1673 1228 1716 1249 ex
1754 1219 1856 1249 certis
1891 1218 2002 1249 causis

139 1281 265 1315 iuribus
301 1292 367 1314 non
404 1280 589 1314 subsistere
626 1285 657 1313 et
695 1283 778 1313 sicut
816 1284 1007 1326 accepimus
1044 1280 1193 1326 predicta
1232 1280 1376 1313 ecclesia
1415 1278 1523 1311 adliuc
1566 1288 1689 1310 vacare
1731 1281 1900 1316 noscatur,v
1938 1286 1999 1309 nos

140 1342 292 1376 volentes
330 1342 451 1376 dictum
488 1337 676 1375 Johannem
716 1342 799 1386 apud
839 1352 900 1375 1105
939 1341 979 1374 (10
1016 1345 1085 1375 vite
1122 1352 1161 1374 ac
1200 1352 1327 1374 morum
1367 1340 1541 1373 honestate
1579 1339 1717 1382 aliisque
1752 1337 1926 1382 probitatis
1968 1341 2000 1370 et

140 1406 296 1436 virtutum
326 1405 453 1436 meritis
492 1402 716 1447 multipliciter
754 1402 1020 1436 conuneiidatuni
1060 1402 1177 1435 lioruni
1214 1404 1329 1434 intuitu
1368 1400 1486 1434 favore
1524 1402 1679 1445 prosequi
1717 1400 1886 1442 graciosQ
1926 1396 2001 1430 dis-

140 1466 290 1497 crecioni
328 1468 382 1497 tue
419 1474 479 1509 per
514 1463 696 1508 apostolica
735 1466 856 1508 scripta
896 1462 1101 1505 mandamus
1131 1465 1296 1507 quatinus,
1327 1465 1355 1494 si
1392 1472 1451 1506 per
1480 1460 1672 1504 diligentem
1710 1460 1999 1491 examinacionem

140 1525 283 1558 eundem
312 1524 499 1558 Johannem
537 1523 624 1557 bene
660 1524 788 1568 legere.
827 1523 912 1557 bene
941 1528 1139 1556 construere
1178 1527 1210 1556 et
1238 1522 1324 1555 bene
1353 1526 1489 1555 cantare
1519 1531 1558 1553 ac
1587 1530 1738 1563 congrue
1772 1518 1860 1562 loqui
1890 1517 2000 1551 latinis

140 1585 254 1619 verbis
283 1589 315 1618 et
344 1585 424 1618 alias
453 1585 608 1618 idoneum
639 1584 677 1617 ad
709 1584 925 1618 obtinendum
947 1584 1067 1617 dictam
1093 1583 1270 1617 ecclesiam
1301 1593 1376 1616 esse
1401 1584 1604 1627 reppereris
1637 1580 1691 1614 vel
1723 1582 1841 1614 eciam.
1872 1582 1897 1612 si
1928 1581 1999 1624 ipse

139 1646 311 1680 Johannes
340 1657 406 1679 non
434 1645 520 1679 bene
549 1650 710 1683 cantareh
741 1645 918 1678 dummodo
949 1648 981 1678 111
1011 1647 1072 1677 11115
1103 1643 1254 1677 manibus
1283 1646 1367 1676 iuret
1396 1643 1437 1676 ad
1466 1647 1580 1675 sancta
1611 1642 1661 1675 (lei
1693 1640 1885 1684 evangelia
1912 1638 1998 1684 quod

140 1706 225 1740 infra
254 1717 378 1740 annum
408 1717 424 1739 a
455 1711 605 1751 tempore
636 1708 900 1739 examinat-ionis
930 1705 1115 1739 huiusmodi
1148 1704 1403 1750 computandum
1434 1703 1520 1736 bene
1549 1707 1686 1736 cantare
1715 1701 2001 1745 zidtliscet,‚Si1per

140 1767 258 1813 quibus
287 1772 374 1800 tuam
404 1769 651 1801 conscienciam
682 1777 872 1802 oneramus.
903 1767 1082 1800 ecclesiam
1121 1766 1316 1811 predictam,
1356 1768 1448 1797 euius
1488 1763 1625 1799 fructus.
1666 1762 1812 1796 redditus
1848 1766 1880 1794 et
1914 1771 2001 1806 pro-

140 1833 260 1862 ventus
289 1833 364 1862 octo
395 1827 606 1861 marcharum
641 1831 770 1872 argenti
801 1830 874 1873 puri
912 1827 1093 1860 seeundum
1123 1837 1335 1859 communem
1364 1827 1621 1858 extimacionem
1652 1823 1804 1856 valorem
1843 1832 2001 1857 annuum*

140 1894 175 1922 ut
202 1892 273 1934 ipse
301 1888 474 1922 Johannes
503 1891 634 1922 asserit.
665 1900 730 1921 non
761 1889 939 1930 excedunt,
969 1891 1042 1921 sive
1078 1892 1111 1920 ut
1139 1889 1352 1932 premittitur.
1383 1888 1456 1918 sive
1485 1885 1566 1917 alias
1596 1886 1716 1928 quovis
1747 1882 1845 1916 modo
1875 1887 1930 1915 aut
1957 1893 2002 1914 ex

140 1949 278 1983 alterius
307 1952 535 1994 cuiuscunque
565 1960 708 1994 persona
740 1953 848 1981 vacet.
879 1951 983 1981 eciam
1023 1951 1049 1981 si
1089 1952 1178 1980 tanto
1210 1952 1359 1991 tempore
1397 1948 1583 1979 vacaverit.
1624 1944 1710 1989 quod
1749 1946 1820 1976 eius
1860 1942 2000 1976 collacio

140 2013 230 2043 iuxta
259 2009 495 2043 Lateranensis
525 2014 643 2044 statuta
674 2010 804 2042 concilii
843 2009 882 2042 ad
913 2008 1026 2042 sedem
1069 2008 1253 2053 predictam
1293 2008 1440 2051 legitime
1475 2006 1631 2039 devoluta
1674 2009 1729 2038 aut
1756 2007 1826 2049 ipsa
1857 2002 1999 2037 ecclesia

141 2071 356 2117 disposicioni
385 2072 570 2117 apostolice
599 2071 789 2116 specialiter
827 2074 1000 2103 reservata
1031 2072 1163 2103 existat.
1199 2067 1377 2101 dummodo
1417 2072 1567 2112 tempore
1597 2067 1662 2099 dat.
1693 2067 1905 2110 presencium
1935 2074 2000 2096 11011

140 2135 181 2165 sit
209 2135 241 2165 111
279 2143 318 2165 03
357 2132 455 2165 alicui
498 2132 689 2177 specialiter
732 2134 780 2164 1115
823 2133 999 2175 quesitum,
1031 2141 1106 2163 cum
1136 2128 1289 2162 omnibus
1327 2127 1452 2161 iuribus
1482 2132 1515 2160 et
1548 2129 1764 2172 pertinenciis
1794 2128 1862 2158 suis
1892 2123 1999 2157 eidem

139 2192 284 2226 ι1011311111
313 2195 510 2226 auctoritate
541 2198 655 2226 nostra
684 2192 840 2225 conferas
870 2196 902 2224 et
930 2194 1095 2235 assignesq
1122 2190 1284 2224 inducens
1313 2200 1373 2234 per
1394 2193 1425 2221 te
1445 2189 1501 2221 vel
1529 2188 1627 2220 alium
1657 2198 1717 2220 seu
1747 2186 1829 2219 alios
1859 2184 2001 2218 eundem

139 2252 329 2286 Johannem
357 2253 413 2286 vel
436 2257 690 2299 procuratorem
717 2263 810 2285 suum
833 2255 904 2285 eius
932 2254 1067 2285 nomine
1088 2254 1120 2284 111
1141 2250 1350 2296 corporalem
1372 2252 1623 2295 possessionem
1643 2247 1787 2281 ecclesie
1817 2248 2004 2289 iuriumque

141 2318 173 2346 et
210 2316 491 2358 pertinenciarum
530 2313 756 2358 predictorum
800 2313 916 2346 eadem
959 2315 1158 2345 auctoritate
1201 2315 1233 2344 et
1276 2310 1460 2344 defendens
1502 2309 1682 2350 inductum.
1727 2311 1836 2341 amoto
1880 2304 2004 2339 exinde

141 2373 288 2418 quolibet
316 2373 429 2407 illicito
459 2374 646 2413 detentore,
677 2385 715 2406 30
737 2374 863 2406 faciens
888 2372 949 2407 sibi
979 2373 1019 2406 de
1048 2375 1151 2418 ipsius
1182 2372 1326 2406 ecclesie
1356 2371 1529 2413 fructibus,
1557 2369 1749 2410 redditibus
1772 2365 2002 2413 proventibus.

140 2434 268 2468 iuribus
311 2439 344 2467 et
384 2434 650 2468 obvencionihus
692 2436 859 2467 universis
901 2436 1032 2478 integre
1075 2434 1285 2478 respondem
1334 2432 1599 2466 contradictores
1645 2432 1841 2463 anctoritate
1890 2430 2003 2459 nostra

141 2494 369 2539 appellacione
410 2498 594 2541 postposita
633 2495 892 2540 compescendo.
922 2493 997 2528 Non
1035 2493 1256 2534 obstantibus.
1299 2497 1325 2526 si
1364 2494 1463 2537 aliqui
1506 2503 1606 2536 super
1649 2486 1897 2535 provisionibus
1941 2484 2002 2518 sibi

142 2557 303 2592 faciendis
333 2557 373 2591 de
402 2556 591 2590 huiusmodi
620 2556 674 2590 vel
704 2556 775 2588 aliis
805 2554 976 2588 beneficiis
1005 2555 1243 2588 ecclesiasticis
1282 2557 1313 2587 in
1344 2554 1405 2586 illis
1435 2552 1583 2598 partibus
1612 2550 1776 2596 speciales
1806 2549 1861 2582 vel
1890 2558 2005 2592 gene-

141 2619 228 2652 rales
258 2619 343 2652 dicte
372 2618 462 2651 sedis
491 2617 547 2651 vel
576 2618 763 2662 legatorum
793 2619 864 2649 eius
894 2616 1021 2649 litteras
1059 2618 1279 2661 impetrarint.
1318 2617 1423 2647 eciam
1453 2616 1479 2646 si
1509 2624 1569 2658 per
1597 2623 1654 2645 eas
1683 2611 1723 2644 ad
1755 2609 2003 2644 inhibicionem.

142 2683 415 2714 reservacionem
446 2683 477 2712 et
507 2678 678 2711 decretum
718 2677 772 2711 vel
810 2676 892 2710 alias
931 2675 1180 2721 quomodolibet
1219 2678 1257 2708 sit
1288 2685 1496 2720 processum.
1534 2672 1651 2717 quibus
1690 2670 1843 2704 omnibus
1881 2670 2003 2703 dictum

1850 2737 1898 2760 12·÷
