2358 3105
1052 167 1071 174 ,-

1057 181 1067 199 1

131 271 319 316 Slawonyn
339 281 462 315 gerere
483 270 712 315 perhibentur,
741 271 780 304 ad
810 270 1078 315 tranquillitatem
1100 274 1190 315 pacis
1213 276 1243 304 et
1264 275 1383 304 statum
1405 271 1541 305 uberem
1564 273 1745 306 eorundem
1769 277 1987 319 prescriptum

131 331 342 377 privilegium
373 333 402 364 in
433 330 586 364 omnibus
616 334 683 364 suis
704 334 894 373 sentenciis‚
917 331 1084 365 clausulis.
1108 332 1267 366 articulis.
1290 335 1417 377 punctis
1443 336 1475 365 et
1496 336 1564 365 toto
1585 344 1645 366 suo
1667 338 1795 366 tenore.
1825 339 1921 379 prout
1951 335 1990 367 dc

132 391 237 426 verbo
280 391 320 425 ad
361 391 499 425 verbum
543 396 761 437 expressatur
803 394 968 437 superius,
1015 390 1264 425 confirmamus.
1308 392 1510 425 ratificamus
1540 397 1569 425 et
1612 396 1734 426 virtute
1779 398 1989 439 presencium

130 455 387 495 aoetortsamus,
413 455 613 486 innovamus
643 457 674 485 vt
703 454 782 498 ipsis
812 451 1000 486 hominibus
1029 455 1153 485 nostris
1183 452 1223 485 de
1253 456 1344 485 certa
1375 458 1488 486 nostra
1519 456 1664 487 sciencia
1695 458 1728 486 et
1756 453 1796 487 de
1827 466 1993 487 consensu

131 512 336 547 honorabilis
365 513 498 558 capituli
529 516 631 546 nostri
663 513 896 546 Olomucensis
935 513 975 546 de
1004 523 1094 546 novo
1124 511 1338 546 concedimus
1377 524 1421 546 ex
1450 516 1565 557 gracia
1600 513 1748 558 speciali„
1778 514 1930 547 volentes
1962 519 1991 547 vt

128 578 325 609 statuentes.
355 573 440 618 quod
471 576 643 619 premissis
672 572 825 606 omnibus
855 577 887 606 et
916 584 1031 607 eorum
1062 571 1208 617 quolibet
1236 576 1294 615 uti,
1315 573 1378 606 frui
1409 578 1438 606 et
1470 573 1621 617 gaudere
1651 573 1793 607 debeant
1823 578 1992 620 perpetuis

129 633 334 680 temporibus
372 634 530 668 affuturis.
578 633 618 668 Et
657 645 717 668 nos
756 632 919 667 Bedricus
958 634 1118 671 decanus,
1167 633 1336 667 Fridricus
1380 637 1568 680 prepositus
1606 638 1775 679 totumque
1814 636 1991 680 capitulum

128 695 365 729 Olomucensis
394 695 538 728 ecclesie
568 695 751 741 predictam
773 694 1080 732 confirmacionem,
1101 694 1374 729 ratificacionein.
1397 697 1709 729 auctorisacionem.
1732 698 1988 729 innovacionem

127 760 160 789 et
189 756 229 789 de
250 767 340 790 novo
362 759 617 790 concessionem
648 767 708 801 per
737 756 856 789 dictum
888 760 1014 801 patrem
1045 760 1076 788 et
1104 755 1271 788 dominum
1296 759 1445 789 nostrum
1471 755 1729 789 Olomucensem
1760 759 1952 802 episcopum
1966 759 1992 802 ³)

128 819 209 862 ipsis
226 816 414 850 bominibus
430 821 461 850 et
473 817 605 850 villanis
622 819 652 850 in
671 816 861 862 Slawonyn
877 816 994 859 factas,
1011 821 1043 849 ut
1060 818 1271 861 premittitur,
1289 815 1329 849 de
1341 815 1446 849 verbo
1463 816 1502 848 ad
1515 815 1654 849 verbum
1673 816 1855 854 laudamus,
1873 828 1989 862 appro-

129 877 244 911 bamus
265 882 297 910 et
316 876 542 922 gratificamus
563 889 602 910 ac
631 879 794 922 premisso
824 876 972 921 diligenti
1001 881 1141 910 tractatu
1171 877 1212 909 de
1232 879 1364 909 comuni
1393 876 1602 922 beneplacito
1632 881 1747 910 nostro
1768 880 1799 910 in
1820 887 1877 910 eas
1898 888 1990 910 una-

129 941 260 972 nimiter
275 941 506 972 consensimus
523 937 755 971 etvoluntarie
773 940 1012 979 consentimus,
1024 939 1235 982 presencium
1253 937 1314 970 sub
1330 941 1446 971 nostro
1463 937 1644 983 supradicti
1661 940 1809 983 episcopi
1827 943 1860 972 et
1874 943 1990 972 nostro

127 998 278 1032 similiter
299 998 471 1044 capitulari
488 998 606 1043 sigillis
627 1001 817 1032 testimonio
848 997 1030 1031 literarum.
1062 997 1182 1031 Datum
1205 997 1377 1039 Olomucz,
1399 1009 1485 1031 anno
1507 998 1629 1031 domini
1660 998 1834 1031 millesimo
1858 1001 1988 1032 tricen—

126 1062 246 1092 tesimo
276 1063 386 1092 sexto.
416 1059 498 1092 feria
530 1059 675 1092 secunda
706 1063 780 1104 post
809 1058 928 1092 festum
953 1057 1040 1091 beati
1061 1058 1139 1091 Viti.

282 1119 382 1161 Acta,
425 1123 647 1164 transsumpta
691 1124 723 1152 et
766 1122 796 1152 in
839 1118 1003 1164 publicam
1049 1119 1190 1152 sormam
1238 1119 1372 1152 redacta
1415 1124 1491 1152 sunt
1532 1118 1597 1152 hec
1638 1130 1737 1154 anno.
1790 1119 1989 1153 indiccione.

125 1180 190 1213 die.
234 1191 361 1223 mense,
404 1180 499 1221 hora,
542 1179 752 1225 pontificatus
794 1184 825 1213 et
864 1180 938 1213 loco
976 1179 1092 1224 quibus
1134 1190 1246 1225 supra,
1291 1179 1499 1224 presentibus
1543 1179 1694 1213 discretis
1732 1183 1826 1222 viris.
1857 1180 1989 1214 domino

125 1241 313 1275 Laurencio
351 1240 487 1274 Henrici
531 1241 572 1274 de
621 1241 771 1286 Oppavia
814 1240 1015 1286 presbytero
1064 1240 1299 1274 Olomucencis
1342 1239 1498 1282 diocesis.
1542 1243 1702 1285 magistro
1739 1240 1871 1274 Jaxone
1914 1244 1989 1274 cive

126 1300 274 1347 preurhii
301 1301 548 1336 Olomucensis.
587 1301 754 1335 Hanussio
784 1301 885 1335 Keczl
920 1306 952 1334 et
982 1301 1168 1334 Laurencio
1206 1300 1310 1333 fratre
1353 1303 1455 1345 ipsius
1490 1300 1668 1345 pistoribus
1707 1304 1738 1334 in
1769 1300 1929 1335 Olomucz
1959 1305 1990 1334 et

123 1362 196 1395 aliis
225 1361 334 1395 multis
364 1361 538 1406 fidedignis
569 1361 706 1395 testibus
727 1365 816 1395 cirea
847 1364 1009 1407 premissa
1040 1364 1238 1394 constitutis.

279 1422 317 1456 Et
357 1433 422 1466 ego
475 1421 567 1455 Crux
605 1422 814 1468 Tyesskonis
852 1422 893 1455 de
934 1421 1118 1456 Baworow
1162 1422 1305 1455 clericus
1348 1422 1584 1456 Olomucensis
1627 1423 1782 1457 diocesis.
1827 1423 1988 1469 imperiali

121 1486 320 1517 auctoritate
348 1483 501 1529 publicus
530 1486 678 1517 notarius
708 1483 847 1528 predicti
868 1483 1038 1528 privilegii
1059 1482 1275 1525 exhibicioni,
1304 1486 1551 1528 presentacioni
1581 1488 1612 1516 et
1633 1486 1788 1529 peticioni
1809 1483 1987 1517 omnibus-

122 1555 187 1589 que
217 1544 290 1577 aliis
319 1548 351 1577 et
379 1544 519 1589 singulis
548 1546 733 1589 premissis,
763 1544 838 1577 dum
868 1546 916 1577 sic
945 1548 978 1576 ut
1007 1546 1208 1588 premittitur
1237 1543 1354 1576 fierent
1393 1548 1425 1577 et
1454 1548 1647 1588 agerentur,
1685 1555 1827 1578 unacum
1858 1555 1986 1589 preno—

125 1607 256 1638 minatis
285 1604 423 1639 testibus
460 1616 600 1650 presens
630 1604 763 1638 interfui
793 1615 899 1649 eaque
928 1607 1038 1637 omnia
1069 1609 1100 1637 et
1128 1604 1259 1648 singula
1290 1607 1339 1637 sic
1367 1603 1438 1637 fieri
1467 1604 1535 1638 vidi
1565 1609 1597 1638 et
1626 1605 1750 1647 audivi„
1786 1616 1883 1639 mann
1913 1616 1986 1638 mea

124 1668 257 1711 propria
295 1668 426 1711 scripsi,
465 1668 697 1711 transsumpsi.
728 1667 860 1710 copiavi
889 1669 919 1698 et
950 1664 1153 1710 exemplavi.
1183 1669 1215 1698 et
1244 1668 1319 1710 quia
1350 1666 1499 1710 diligenti
1524 1669 1640 1711 previa
1670 1666 1918 1700 auscultacione
1948 1677 1986 1699 ea

121 1728 233 1759 omnia
264 1730 297 1759 et
333 1727 462 1771 singula
501 1738 576 1760 cum
606 1726 758 1770 originali
793 1726 903 1759 littera
933 1725 1032 1758 nichil
1061 1725 1171 1759 addito
1200 1726 1255 1759 vel
1293 1726 1466 1768 diminuto,
1506 1726 1593 1771 quod
1623 1737 1757 1760 sensum
1796 1731 1896 1760 mutet
1933 1731 1988 1759 aut

122 1789 231 1820 variet
268 1787 482 1830 intellectum,
519 1786 729 1821 concordare
760 1789 883 1822 inveni.
913 1785 1056 1831 ideoque
1095 1785 1158 1819 hoc
1196 1797 1336 1832 presens
1375 1786 1538 1832 publicum
1576 1789 1827 1820 instrumentum
1865 1787 1987 1820 exinde

121 1846 304 1881 conficiens
341 1850 374 1881 in
412 1847 498 1881 hanc
536 1847 699 1893 publicam
740 1848 878 1881 sormam
919 1847 1035 1891 redegi
1073 1849 1238 1891 signoque
1277 1852 1308 1880 et
1346 1850 1479 1881 nomine
1523 1850 1606 1880 ineis
1641 1847 1746 1881 solitis
1788 1850 1986 1892 consignavi

122 1912 260 1952 rogatus
296 1912 327 1941 et
355 1911 535 1954 requisitus
570 1911 603 1942 in
632 1908 728 1942 fidem
768 1912 800 1941 et
835 1910 1058 1941 testimonium
1088 1909 1234 1940 omnium
1263 1910 1515 1952 premissorum.

434 1996 523 2021 Links
548 2005 603 2021 von
629 1996 678 2021 der
708 1996 946 2029 l'nterfertigung
969 1995 1020 2020 das
1044 1994 1312 2020 Notariatszeichen
1338 1995 1387 2019 mit
1411 1995 1465 2019 den
1489 1994 1760 2029 eingeschriebenen
1786 1995 1984 2021 Buchstaben:

558 2048 580 2073 C
593 2064 600 2067 -
611 2058 624 2073 r
634 2064 642 2067 -
652 2058 668 2073 ιι
679 2064 687 2066 -
699 2058 722 2075 x,

433 2117 550 2143 Aufder
560 2118 715 2143 Riickseite
729 2118 817 2143 ausser
830 2117 936 2151 Regest
957 2125 1032 2143 saec,
1043 2117 1155 2143 XVIII.
1170 2116 1226 2141 und
1238 2116 1410 2150 Signaturen
1424 2116 1468 2141 die
1482 2116 1715 2141 durchstricheue
1730 2116 1803 2141 Note
1817 2121 1907 2154 (ssaeC.
1919 2116 1983 2142 XV.

535 2168 614 2203 fin.):
641 2169 731 2203 Copia
757 2169 937 2194 instrumenti
954 2168 1071 2202 publici,
1085 2169 1162 2202 quod
1179 2171 1222 2194 est
1238 2172 1308 2202 aput
1324 2169 1452 2194 homines
1469 2171 1583 2194 nostros
1605 2168 1638 2192 de
1654 2167 1810 2202 Slawonyn
1827 2168 1982 2194 secuudum

534 2224 660 2247 tenorem
679 2221 826 2255 originalis
844 2221 991 2246 cuiusdam
1015 2220 1051 2246 ab
1069 2221 1203 2254 episcopo
1220 2220 1377 2246 venerabili
1394 2220 1477 2245 huius
1495 2219 1693 2245 Olomueensis
1709 2220 1830 2245 ecclesie
1847 2220 1981 2247 emanati.

535 2273 604 2307 quid
628 2278 655 2299 et
672 2277 810 2307 quantum
835 2274 902 2298 dare
926 2277 954 2298 et
970 2272 1064 2298 facere.
1089 2273 1247 2306 antiquitus
1271 2275 1420 2302 tenentum
1445 2275 1488 2297 set
1511 2271 1703 2297 submiserunt
1727 2280 1756 2297 se
1780 2272 1809 2297 in
1833 2272 1980 2305 empcione

533 2325 601 2351 ville
625 2326 692 2350 dare
717 2326 750 2351 de
775 2325 866 2351 medio
891 2325 973 2351 laneo
1001 2326 1014 2350 1
1035 2324 1054 2352 f.
1078 2328 1107 2350 et
1130 2334 1180 2358 pro
1205 2324 1333 2350 robbotis
1357 2328 1386 2349 et
1401 2324 1478 2357 agris
1504 2324 1579 2349 curie
1596 2324 1692 2351 XXX,
1723 2323 1742 2350 f.
1761 2332 1838 2357 ung„
1863 2329 1981 2357 excepto

535 2387 622 2403 censu
647 2382 771 2404 ortorum
796 2382 823 2402 et
848 2377 974 2404 taberne.

430 2447 520 2482 (Ji-ig„
547 2448 641 2481 Perg„
674 2447 747 2473 ohne
780 2447 1046 2481 Besieglungsspur,
1072 2462 1112 2464 ᾖ
1146 2446 1252 2471 Briinn.
1285 2445 1511 2471 Laudesarchiv.
1545 2446 1606 2471 Art.
1632 2444 1778 2470 Olmiitzer
1805 2444 1983 2469 Karthauser

535 2499 578 2527 lit.
603 2499 637 2526 G.
662 2508 690 2527 n.
719 2499 764 2525 11.

275 2637 305 2670 a)
329 2637 493 2671 episcopum
518 2637 589 2663 fehlt
614 2638 649 2663 im
675 2638 753 2669 Orig.
