2358 3105
131 317 343 363 privilegium
389 318 418 349 in
462 326 668 360 pergameno
710 319 867 361 scriptum
911 315 1039 349 duobus
1081 314 1198 359 sigillis
1236 313 1397 349 rotundis,
1439 314 1543 357 primo
1582 311 1621 343 de
1662 322 1738 343 cera
1777 310 1877 343 rubea
1915 309 1990 342 albe

132 381 305 423 impressa.
341 376 488 409 secundo
528 387 610 409 vero
649 376 689 409 ‹le
728 388 804 410 cera
844 376 942 410 viridi
971 379 1077 409 eciam
1108 373 1182 408 albe
1211 377 1384 419 impressa.
1415 375 1445 405 in
1476 372 1634 417 pressulis
1674 373 1867 415 pai-gamem
1900 381 1989 414 pen—

132 436 283 471 dentibus
312 436 491 470 reverendi
522 439 551 469 in
583 437 715 470 (ln-isto
745 440 846 482 patris
876 442 908 470 ct
936 437 1059 470 domini
1084 436 1207 469 domini
1237 433 1380 467 Conradi
1411 435 1557 478 epist-opi
1588 432 1834 464 ttlomucensis.
1866 431 1986 463 domini

131 501 235 532 nostri
264 500 411 542 graciosi
440 501 500 531 et.
527 524 532 529 .
564 498 695 542 capituli
726 499 870 531 ecclesie
887 498 1120 531 Olomucensis
1149 495 1299 541 predicte
1328 494 1500 537 sigillatas.
1523 492 1645 526 firmas.
1668 502 1766 524 sanas
1791 496 1819 522 et
1843 494 1990 534 integras

133 562 163 591 in
193 558 279 591 nulla
309 560 359 591 sui
388 562 482 603 parte
511 563 695 602 suspectas.
736 563 767 591 et
796 558 960 603 quoddam
992 560 1243 591 instrumentum
1275 554 1439 600 publicum
1479 565 1537 598 per
1576 563 1691 585 manns
1730 551 1875 584 Conradi
1914 551 1989 583 olim

131 618 294 652 Johannis
325 618 365 651 de
395 618 526 663 'l'essyn
557 618 678 663 publici
710 622 828 652 notarii
858 621 889 652 in
919 618 1083 664 publicam
1122 616 1263 650 formam
1302 616 1471 649 redactum
1511 616 1615 647 eciam
1654 623 1770 645 sanum
1802 615 1830 644 et
1862 611 1987 643 illesum

132 678 229 713 nobis
257 678 408 712 exhibuit
437 682 469 712 et
496 672 700 724 presdjtaxit
741 691 800 724 per
829 681 937 712 onmia
976 677 1036 711 sub
1075 677 1137 710 hiis
1175 676 1309 710 verbis:
1360 674 1557 719 „Conradns
1587 674 1639 706 dei
1669 675 1783 716 gracia
1813 674 1992 717 episcopus

133 739 366 773 Olomucensis
390 767 396 772 .
419 767 425 773 .
449 767 455 773 .
477 738 597 772 Datum
620 739 739 777 l'raffe.
765 750 852 773 anno
869 736 1097 784 MCCCCX21).
1117 737 1168 770 die
1185 736 1332 771 secunda
1359 738 1482 769 mensis
1504 734 1593 767 iulii‘·'
1617 733 1696 780 [viil.
1719 733 1805 766 oben
1822 743 1872 765 nr.
1894 731 1991 768 143).

133 822 181 825 —
210 800 469 834 lustramentum
500 811 583 833 vero
598 798 643 833 ¹³⁵:
694 801 752 843 „In
783 803 916 834 nomine
945 800 1068 833 domini
1098 809 1206 831 amen.
1262 797 1362 830 Anno
1391 798 1572 830 nativitatis
1602 793 1751 827 eiusdem
1782 791 1991 834 MCCCCIX.

132 861 319 895 indiccione
358 861 516 904 secunda,
548 860 600 893 die
639 862 745 895 XXlI.
786 864 908 895 mensis
946 863 1085 894 ianuarii
1216 858 1301 904 (vid.
1338 857 1427 891 oben
1465 868 1513 890 nr.
1556 854 1630 901 58).
1739 853 1815 887 Post
1854 863 1991 898 quarum

131 922 302 955 literarum
346 921 594 955 exhibicionem
638 927 668 955 et
708 924 998 967 presentacionem
1042 921 1187 965 dictique
1221 920 1334 952 altaris
1372 922 1403 951 in
1442 917 1570 950 honore
1609 917 1843 949 conversionis
1885 916 1990 947 sancti

133 982 222 1016 Pauli
251 987 286 1015 ut
314 984 514 1027 premittit-ur
543 982 775 1015 fundacionem
807 987 837 1016 et
856 982 1078 1015 .dotacionem
1109 981 1169 1014 fuit
1197 979 1293 1014 nobis
1322 990 1382 1025 per
1411 978 1531 1011 dictum
1561 976 1710 1010 Marcum
1741 979 1772 1008 et
1800 985 1861 1019 pro
1897 978 1993 1019 parte

133 1043 210 1076 dicti
239 1043 361 1076 domini
391 1042 478 1076 Petri
499 1042 711 1088 Nymincrt'ol
741 1046 1008 1077 testamentarios
1037 1047 1067 1075 et
1098 1044 1314 1075 comissarios
1343 1039 1456 1073 ultime
1485 1038 1666 1071 voluntatis
1694 1036 1834 1081 predicti
1860 1034 1989 1067 Nicolai

133 1102 337 1149 Fleysheckl
366 1103 534 1137 humiliter
557 1108 589 1136 et
618 1115 690 1137 cum
713 1104 822 1137 debita
843 1106 1003 1137 instancia
1025 1102 1258 1148 supplicatum.
1289 1106 1451 1146 quatenus
1472 1099 1593 1133 dictum
1615 1098 1720 1131 altare
1742 1100 1772 1130 in
1792 1095 1990 1129 beneficium

132 1163 399 1198 ecclesiasticum
428 1167 562 1209 erigere
592 1175 630 1197 ac
660 1176 780 1198 census
809 1164 1017 1210 supradictos
1046 1162 1176 1209 prefato
1206 1163 1300 1196 altari
1321 1166 1353 1195 et
1373 1164 1475 1206 ipsius
1496 1162 1631 1201 rectori,
1661 1161 1715 1203 qui
1744 1168 1805 1203 pro
1837 1161 1988 1201 tempore

132 1225 243 1267 fuerit„
274 1228 503 1271 incorporare.
534 1228 640 1260 unire.
670 1226 838 1270 applicare
867 1236 905 1258 ae
935 1227 1045 1257 omnia
1075 1228 1105 1257 et
1136 1223 1265 1268 singula
1296 1225 1520 1267 suprascripta
1561 1221 1783 1260 auctorizare.
1824 1216 1990 1250 ratificare

133 1289 166 1318 et
194 1289 391 1319 auctoritate
429 1286 596 1319 ordinaria
634 1286 834 1319 contii-mare
872 1286 1098 1330 dignaremur.
1144 1284 1215 1318 Nos
1244 1286 1345 1328 igitur
1373 1285 1476 1328 ipsius
1504 1280 1610 1314 Marci
1639 1284 1669 1313 et
1700 1290 1759 1324 pro
1790 1282 1883 1323 parte
1913 1277 1990 1310 dicti

133 1345 258 1379 domini
287 1345 375 1379 Petri
404 1349 496 1380 iustis
526 1346 786 1380 racionabilibus
816 1345 1035 1391 peticionibus
1065 1350 1095 1378 et
1126 1342 1428 1390 supplicacionibus
1459 1342 1614 1375 inclinati.
1645 1340 1855 1373 attendentes
1885 1340 1989 1370 eciam

132 1406 218 1451 quod
244 1409 380 1440 racione
401 1410 640 1453 premissorum
663 1408 793 1440 divinus
815 1407 919 1439 cultus
939 1411 1114 1450 aug-eatur.
1137 1406 1241 1438 altare
1260 1404 1442 1450 predictum
1465 1402 1506 1435 ob
1528 1402 1630 1435 divini
1651 1401 1757 1434 cultus
1778 1403 1991 1443 augmentum

133 1470 163 1500 in
192 1466 390 1501 beneficium
420 1468 684 1501 ecclesiasticum
716 1470 885 1501 ereximus
915 1472 946 1500 et
976 1470 1136 1510 erigimus
1165 1477 1225 1512 per
1258 1469 1444 1511 presentes.
1475 1473 1605 1496 necnon
1636 1472 1757 1494 census
1788 1463 1992 1493 memoratos

131 1528 303 1574 sepedicto
324 1528 418 1562 altari
439 1533 470 1562 et
489 1531 593 1574 ipsius
612 1532 746 1562 rectori.
777 1531 831 1573 qui
852 1539 912 1573 pro
933 1532 1083 1572 tempore
1106 1526 1217 1569 fuerit.
1237 1526 1453 1571 applicamus.
1475 1525 1694 1557 annectimus.
1726 1524 1992 1565 incorporamus.

132 1591 274 1632 unimus,
304 1593 569 1635 appropriamus,
608 1592 864 1625 invisceramus,
894 1600 933 1622 ac
962 1591 1072 1621 onmia
1102 1593 1134 1621 et
1170 1586 1300 1631 singula
1331 1587 1556 1631 suprascripta
1594 1585 1793 1616 auctoritate
1822 1580 1990 1614 ordinaria

131 1649 227 1684 nobis
256 1653 288 1683 in
318 1650 380 1683 hac
408 1654 503 1696 parte
532 1661 695 1684 concessa
726 1650 765 1683 (le
799 1654 890 1683 certa
921 1654 1033 1682 nostra
1064 1651 1210 1682 sciencia
1246 1646 1459 1687 ratificamus.
1489 1647 1733 1678 auctorizamus
1763 1646 1794 1675 et
1824 1643 1990 1686 presentis

132 1713 246 1756 scripti
275 1714 459 1756 patrocinio
489 1710 736 1745 confirmamus.
767 1710 920 1744 volentes
942 1715 974 1743 et
999 1714 1116 1743 tenore
1137 1711 1349 1754 presencium
1374 1707 1609 1742 decernentes.
1639 1703 1726 1748 quod
1749 1712 1870 1736 census
1901 1700 1990 1734 duo-

132 1772 248 1805 decem
278 1782 465 1805 marcarnm
504 1772 696 1817 supradicti.
727 1776 822 1816 prout
851 1775 923 1804 sunt
963 1771 1049 1804 dicto
1088 1770 1181 1803 altari
1221 1769 1379 1814 deputati.
1409 1771 1485 1812 aput
1527 1766 1648 1799 dictum
1687 1765 1795 1797 altare
1824 1766 1856 1795 et
1889 1764 1991 1807 ipsius

132 1836 311 1875 rectorem,
342 1835 394 1877 qui
426 1837 501 1866 tunc
531 1832 641 1865 fuerit.
672 1836 832 1877 perpetue
863 1831 1030 1865 debebunt
1059 1836 1091 1863 et
1110 1830 1253 1863 debeant
1281 1839 1492 1874 permanere.
1523 1829 1681 1871 ipsosque
1710 1834 1831 1857 census
1861 1826 1989 1867 emptos

131 1892 187 1926 vel
215 1893 376 1926 emendos
404 1896 491 1927 inter
520 1904 641 1926 census
670 1892 817 1926 redditus
848 1892 1096 1925 ecclesiasticos
1125 1892 1165 1924 de
1195 1895 1308 1924 cetero
1339 1889 1492 1923 volumus
1523 1889 1681 1932 reputari.
1712 1884 1866 1919 videlicet
1905 1882 1990 1927 quod

131 1953 313 1987 secundum
344 1957 475 1987 omnem
507 1965 582 1987 eum
613 1953 745 1986 modum
776 1955 928 1998 superius
958 1962 1155 1997 expressum
1186 1950 1340 1984 ammodo
1371 1954 1403 1982 et
1431 1952 1562 1982 inantea
1592 1947 1821 1980 ecclesiastice
1850 1943 1992 1977 libertati

131 2013 303 2048 subiaceat
331 2015 485 2060 quodque
522 2026 583 2060 per
621 2025 737 2047 omnes
776 2018 927 2046 rectores
957 2013 1035 2046 dicti
1063 2013 1187 2054 altaris.
1226 2011 1300 2044 dum
1338 2015 1370 2043 et
1398 2009 1529 2054 quando
1559 2010 1764 2053 oportunitas
1794 2005 1904 2039 fuerit.
1933 2014 1995 2048 per

132 2086 308 2109 censuram
338 2075 600 2109 ecclesiasticam
639 2078 730 2119 exigi
760 2074 871 2107 valeat
899 2078 931 2107 et
960 2077 1096 2118 requiri.
1152 2072 1187 2106 In
1218 2074 1312 2105 cuius
1340 2074 1390 2104 rei
1419 2072 1643 2103 testimonium
1674 2070 1850 2113 presentes
1879 2065 1991 2098 literas

131 2136 230 2181 sigilli
260 2139 440 2170 vicariatus
469 2139 675 2182 appensione
695 2138 849 2168 iussimus
870 2136 1078 2167 communiri.
1110 2133 1230 2166 Datum
1254 2132 1424 2166 Olomuez.
1456 2142 1542 2163 anno
1564 2129 1687 2163 domini
1709 2127 1883 2161 millesimo
1904 2135 1992 2170 qna-

132 2197 395 2241 dringentesimo
425 2197 567 2232 decimo.
597 2196 680 2229 feria
711 2195 857 2229 secunda
887 2199 959 2239 post
988 2194 1108 2227 festum
1139 2196 1244 2227 sancti
1273 2192 1389 2226 Jacobi
1419 2191 1561 2237 apostoli
1590 2190 1740 2234 gloriosi.

443 2257 530 2289 (tris-r..
556 2259 649 2289 Per-⁴3..
676 2256 769 2288 Sirra-ol
794 2266 829 2281 an
854 2256 977 2281 Pressel.
1002 2271 1042 2274 ——
1067 2255 1192 2287 Olumtz,
1217 2254 1325 2280 Archiv
1350 2254 1398 2279 des
1423 2251 1630 2285 Donicapitels,
1656 2251 1691 2276 A.
1719 2250 1771 2275 ΙΙΙ.
1797 2249 1822 2275 l».
1850 2250 1877 2274 31.

1017 2349 1120 2386 153.

825 2418 926 2462 Pray,
955 2417 990 2451 9.
1021 2418 1158 2462 August
1188 2417 1297 2451 1410.

290 2473 496 2537 Markgraf
520 2491 615 2524 Jobst
645 2491 821 2535 prasentirt
860 2488 923 2521 den
952 2487 1102 2521 WVerner
1142 2497 1209 2520 von
1239 2487 1298 2519 der
1327 2484 1564 2527 Schulenbnrg
1593 2495 1631 2516 zu
1663 2482 1735 2515 dem
1767 2481 1853 2513 beim
1883 2480 1990 2513 Dome

133 2556 164 2587 in
195 2553 332 2587 Stendal
362 2564 425 2586 neu
455 2551 658 2585 errichteten
690 2549 883 2582 Canonicat.

444 2613 553 2645 Riedel,
579 2611 649 2638 cod.
676 2610 782 2637 Brund.
815 2610 850 2636 A.
876 2611 911 2641 Y,
940 2609 1008 2635 170.

281 2692 311 2722 a)
337 2684 416 2715 (brif-r.
441 2692 491 2708 :ius
516 2682 682 2708 Verselient
708 2680 838 2706 MCCs'C
885 2675 917 2717 b]
943 2679 1004 2704 hier
1030 2678 1139 2703 selieint
1164 2678 1241 2703 aliud
1267 2677 1334 2702 oder
1357 2677 1401 2702 ein
1426 2675 1573 2700 {ilmliehtss
1601 2674 1680 2699 Xt'ort
1706 2682 1739 2698 zu
1767 2672 1859 2697 svhlen

1856 2729 1888 2753 19
