2358 3105
1063 211 1109 243 99

153 316 185 345 et
213 311 369 345 antedicti
398 312 522 345 domini
551 312 654 346 abbas
684 318 717 347 et
745 318 933 348 conventus
963 314 1178 348 emendarum
1210 315 1352 348 mmliam
1383 320 1415 349 et
1435 327 1495 349 uos¹
1526 317 1666 350 mediam
1698 318 1851 351 tollemus
1873 321 2012 363 poi-eio-

152 383 241 414 uem„
279 372 472 406 adiacentes
524 373 610 417 quod
650 385 767 407 omnes
811 379 844 407 et
889 375 1038 419 singulos
1076 377 1264 420 piscatores
1302 376 1341 409 ad
1381 377 1519 410 eandem
1558 378 1668 410 villam
1712 382 1901 423 spectantes
1939 391 2012 412 eum

153 432 305 466 omnibus
335 432 554 478 proventibus
583 433 623 466 ab
645 434 770 467 eisdem
800 445 861 480 pro
882 435 1033 481 sepefato
1064 438 1268 469 monasterio
1299 442 1486 471 reservant.
1517 437 1663 471 exclusis
1681 438 1888 471 solummodo
1912 439 2013 472 tribus

153 491 387 538 piscatoribus,
417 504 500 538 quos
521 505 594 527 cum
617 494 808 528 utilitatibus
837 499 869 528 et
888 495 1109 541 proventibus
1129 495 1169 529 ad
1192 501 1305 529 nostra
1332 497 1491 530 duntaxat
1511 498 1675 531 victalicia
1705 498 1864 531 debemus
1888 499 2011 532 babere

153 557 186 586 et
214 553 413 589 observare.
446 553 562 588 Eciam
591 555 631 588 (10
661 555 754 589 silvis
793 555 832 588 ad
863 558 967 600 ipsam
997 556 1110 590 villam
1142 556 1380 601 spectantibus.
1410 562 1564 602 quantum
1595 568 1654 603 pro
1685 558 1834 597 edificiis,
1875 562 1951 598 11111(-
1981 565 2013 593 et

152 617 328 649 structuris
363 615 504 660 aliisque
533 615 790 649 necessitatibus
828 626 888 661 pro
922 615 1019 650 nobis
1058 621 1091 650 et
1129 617 1246 651 incolis
1284 616 1433 651 eiusdem
1472 618 1548 651 ville
1587 618 1751 661 indigenis
1787 622 1858 653 siue
1896 624 2013 664 quovis

149 676 291 721 sepel'ati
329 675 451 710 domini
490 675 618 710 abbatis
657 681 690 710 et
727 679 833 710 tocius
862 682 1051 711 conventus
1090 681 1122 711 et
1151 688 1386 711 successorum
1425 680 1572 723 ipsorum
1605 679 1830 725 inpedimento
1859 683 2011 726 recipere

149 735 310 770 debemus
339 741 372 770 et
399 736 487 770 licite
517 747 708 782 possumus⁷
743 742 776 771 et
804 737 869 771 hoc
898 738 938 771 ad
968 741 1198 772 ostensionem
1228 738 1448 784 forestariiU9
1478 750 1576 784 quem
1606 738 1727 773 Ibidem
1758 751 1817 785 pro
1846 744 2010 785 regimine

150 796 237 830 dicte
265 797 350 830 silve
379 796 498 842 prelati
529 797 652 831 domini
682 802 714 831 et
735 801 927 832 monasterii
955 798 1166 832 locaverunt.
1197 799 1339 845 Insuper
1368 802 1473 833 eciam
1494 802 1700 834 venaciones
1729 803 1760 833 111
1790 801 1884 835 dictis
1913 802 2006 836 silvis

150 857 276 891 habere
305 868 482 903 possumus
512 862 544 892 et
576 861 706 896 venari,
746 863 838 892 sorte
866 862 976 892 tamen
1006 862 1166 893 veniente
1197 860 1355 903 medium,
1385 861 1471 905 quod
1500 864 1753 897 venaverimus.
1794 861 2009 904 forestario³¹)

149 918 291 964 predicti
320 921 514 952 monasterii
543 918 731 953 tenebimur
758 930 819 964 pro
848 922 1008 964 porcione
1036 922 1186 965 ipsorum
1216 921 1307 963 dare,
1346 926 1543 967 presentare
1572 926 1604 954 et
1632 924 1820 966 assignare.
1868 922 2009 968 Insuper

148 982 273 1012 curiam
303 990 400 1012 unam
439 979 480 1012 de
509 978 637 1013 duobus
666 979 771 1013 laneis
800 979 921 1013 ibidem
950 983 1172 1025 prenominati
1203 981 1326 1015 domini
1355 980 1458 1015 abbas
1487 986 1519 1015 et
1556 987 1743 1015 conventus
1780 993 1840 1028 pro
1871 983 2008 1017 decimis

148 1039 350 1085 reponendis
380 1051 419 1073 ac
447 1039 520 1073 aliis
548 1039 803 1074 necessitatibus
832 1043 980 1086 ipsorum
1010 1044 1041 1074 iu
1071 1041 1156 1075 dicta
1192 1042 1270 1075 villa
1309 1047 1447 1088 possunt
1475 1045 1621 1086 erigere,
1656 1042 1875 1087 adiungentes
1905 1044 2004 1089 quod,

147 1099 413 1145 quandocunque
441 1103 621 1144 contigerit
650 1112 816 1146 pauperes
844 1100 998 1135 homiues
1027 1101 1105 1135 dieti
1135 1101 1258 1135 domini
1287 1101 1416 1135 abbatis
1450 1106 1482 1135 01
1510 1107 1698 1137 conventus
1728 1104 1832 1137 dictas
1862 1104 2008 1138 decimas

147 1164 179 1193 et
215 1171 366 1194 annonas
403 1160 443 1194 ad
482 1164 720 1194 monasterium
757 1161 893 1205 ducere,
936 1166 1013 1195 tunc
1054 1173 1115 1196 1105
1153 1163 1288 1197 easdem
1330 1174 1390 1208 per
1427 1162 1608 1197 familiares
1648 1168 1781 1197 nostros
1820 1164 2008 1198 tenebimur

146 1220 339 1254 conducere
368 1225 400 1254 et
420 1221 588 1255 ordinare.
620 1221 702 1255 Cum
732 1226 841 1255 autem
872 1222 1024 1256 (10111111115
1053 1226 1289 1257 universorum
1310 1227 1397 1257 vitas
1424 1228 1558 1257 nostras
1588 1227 1796 1258 transitorias
1826 1228 2005 1259 mutaverit

146 1283 179 1315 in
208 1286 342 1315 eternas
370 1293 432 1315 1105
462 1282 503 1315 de.
532 1282 641 1315 11101110
672 1282 829 1325 1011011110,
861 1294 940 1317 111οΧ
968 1286 1081 1328 sepius
1110 1287 1278 1317 nominata
1313 1284 1389 1317 villa
1420 1295 1493 1318 cum
1524 1287 1614 1317 curia
1645 1284 1764 1318 ibidem
1795 1289 1827 1318 et
1852 1284 2004 1319 omuibus

146 1342 271 1376 iuribus
300 1343 339 1375 ad
370 1342 490 1376 dictam
520 1343 632 1376 villam
662 1342 888 1388 spectantibus
918 1343 1017 1388 pleno
1047 1347 1117 1377 11110
1148 1349 1180 1378 et
1209 1344 1368 1384 dominio,
1397 1348 1503 1378 eciam
1534 1356 1608 1378 cum
1638 1348 1732 1389 equis
1767 1345 1806 1378 ad
1837 1350 2003 1380 araturam

146 1403 372 1449 spectantibus
401 1408 434 1437 et
453 1406 579 1439 vaccis.
600 1406 672 1436 siue
701 1404 873 1437 solucione
901 1407 1116 1449 pecuniarum
1149 1410 1182 1438 et
1210 1408 1423 1451 impeticione
1452 1408 1635 1439 amicorum
1664 1416 1939 1451 quorumeunque
1964 1406 2005 1439 ad

145 1463 310 1510 prefatum
340 1467 579 1498 monasterium
609 1464 881 1509 Welegradense
909 1464 1014 1498 libere
1044 1470 1076 1498 et
1104 1465 1212 1499 solute
1242 1466 1465 1499 devolventur
1493 1470 1527 1499 et
1555 1465 1677 1499 debent
1705 1469 1844 1500 reverti.
1885 1467 2005 1501 Cetera

146 1535 230 1559 vero
262 1536 323 1571 per
351 1536 413 1559 nos
442 1524 563 1559 ibidem
593 1525 708 1559 relicta
738 1525 854 1570 legare
884 1536 1060 1572 possumus
1099 1531 1131 1559 et
1160 1526 1241 1559 dare
1270 1529 1467 1572 cuicumque
1504 1526 1600 1560 nobis
1628 1527 1793 1572 placuerit
1822 1528 2004 1562 secundum

144 1584 270 1619 libitum
304 1590 420 1619 nostre
453 1586 646 1624 voluntat.is‚
688 1586 829 1631 predicti
867 1586 989 1619 domini
1031 1585 1160 1620 abbatis
1204 1592 1236 1620 et
1273 1592 1460 1621 conventus
1503 1592 1536 1621 et
1580 1598 1815 1621 successorum
1857 1591 2003 1633 ipsorum

145 1649 265 1692 quovis
293 1646 419 1692 absque
447 1647 684 1692 inpedimento.
732 1647 773 1680 Et
801 1647 865 1680 hec
894 1649 1004 1680 omnia
1034 1649 1191 1692 superius
1230 1650 1260 1680 in
1291 1647 1542 1682 condicionibus
1580 1652 1612 1681 et
1640 1648 1788 1681 articulis
1827 1648 1867 1681 de
1896 1648 2002 1682 verbo

144 1707 185 1741 ad
212 1707 354 1742 verbum
384 1712 538 1741 contenta
568 1710 790 1753 promittimus
820 1707 905 1740 bona
934 1712 1049 1741 nostra
1080 1707 1144 1741 fide
1172 1711 1412 1754 prenominatis
1441 1708 1581 1742 dominis
1610 1707 1721 1742 abbati
1759 1713 1791 1741 et
1820 1712 2002 1743 conventui

142 1768 380 1802 inviolabiliter
408 1768 594 1802 observare
624 1768 749 1813 absque
779 1768 865 1801 dolo.
896 1768 933 1802 111
962 1771 1055 1801 0111115
1084 1771 1133 1801 101
1162 1771 1387 1803 testimonium
1417 1769 1524 1814 sigilla
1554 1774 1668 1803 nostra
1699 1769 1740 1803 de
1765 1773 1855 1802 certa
1886 1774 1999 1803 nostra

143 1831 288 1862 sciencia
326 1828 537 1874 presentibus
574 1833 651 1863 sunt.
685 1840 843 1874 appensa.
891 1828 932 1862 Et
968 1831 1145 1874 petivimus
1182 1833 1338 1863 strenuos
1367 1832 1459 1863 viros
1488 1829 1673 1863 Sulkonem
1711 1830 1751 1863 de
1781 1829 1937 1863 Radkow
1966 1834 1998 1863 et

143 1888 375 1923 Brzenkonem
407 1889 448 1923 de
475 1889 742 1931 Nessedlowicz.,
772 1893 806 1922 ut
834 1889 941 1933 sigilla
971 1891 1118 1934 ipsorum
1157 1889 1385 1935 appenderent
1422 1893 1454 1923 in
1483 1893 1707 1923 testimonium
1737 1893 1882 1924 omnium
1915 1901 1999 1935 pre-

143 1951 333 1984 missorum.
363 1950 485 1983 Datum
505 1950 630 1993 Brune,
660 1961 746 1983 anno
776 1950 899 1983 domini
928 1948 1104 1983 millesimo
1134 1949 1465 1994 quadringentesimo
1494 1962 1595 1993 nono„
1625 1950 1708 1984 feria
1738 1955 1868 1995 quarta,
1890 1951 1943 1984 die
1967 1955 1999 1984 et

143 2009 230 2044 festo
259 2015 451 2044 sanctorum
480 2010 622 2045 Dionisii
652 2015 684 2044 et
713 2013 880 2044 sociorum
911 2013 994 2043 eius.

452 2096 604 2125 Absehrift
634 2098 672 2124 im
704 2098 799 2123 Codex
831 2097 1068 2123 Welehradeusis
1103 2098 1154 2126 fol,
1187 2099 1237 2124 37.
1269 2115 1310 2118 ἡ
1346 2098 1452 2130 Briinn,
1483 2099 1709 2131 Lnndesarchiv,
1743 2099 1806 2125 Art.
1839 2099 1996 2124 welehrad

555 2150 591 2176 G.
614 2150 670 2175 III.
698 2150 766 2176 191.

1013 2304 1030 2339 l
1046 2304 1117 2342 10.

798 2381 931 2425 Berlin,
962 2381 1020 2416 16.
1055 2381 1204 2415 October
1235 2382 1344 2416 1409.

135 2516 139 2519 .
297 2449 500 2514 Markgraf
533 2468 629 2503 Jobst
666 2468 796 2502 bestellt
833 2469 896 2502 11011
932 2468 1112 2503 Marscliall
1150 2468 1278 2515 Caspai·
1316 2468 1406 2503 Gans
1443 2480 1483 2502 zu
1521 2469 1636 2502 Putlitz
1675 2479 1747 2501 zum
1784 2468 1895 2511 Vogte
1933 2467 1995 2501 der

139 2528 295 2563 Altmark
322 2529 389 2563 und
418 2529 478 2563 der
505 2529 629 2574 Vogtei
658 2529 842 2574 Arneburg
869 2529 935 2563 und
963 2529 1034 2574 gibt
1062 2529 1128 2562 ihm
1158 2529 1216 2563 das
1246 2529 1385 2563 Seliloss
1411 2528 1669 2574 Tangermunde
1700 2532 1764 2562 eiu.

447 2608 559 2640 Εἰς-(161,
583 2608 656 2636 Cod.
682 2609 788 2634 Brund.
812 2609 848 2635 A.
865 2608 947 2640 XVI,
971 2609 1021 2636 37.

295 2669 325 2699 a)
349 2659 515 2688 Absehrift:
540 2660 676 2686 fol-aster-
