2358 3105
1259 192 1325 226 toz)

360 301 442 330 mori
474 300 706 342 contingeret:
746 300 771 330 si
803 309 885 330 vero
924 308 1046 342 pueros
1082 308 1155 330 eum
1195 308 1233 329 ea
1274 296 1437 330 babuerit.
1478 300 1554 329 tune
1589 306 1715 329 summa
1757 299 1899 328 transeat
1941 297 2029 327 iuxta
2068 304 2219 328 consue-

359 359 503 392 tudinem
534 362 689 392 civitatis.

680 431 793 463 tlt-nst·-x
820 438 968 462 ‹tlatniz-›1-
993 437 1150 463 studitum-ti
1178 447 1239 462 voni
1264 436 1354 461 =lulin-
1384 436 1473 462 1:343.
1500 436 1549 462 sol.
1577 439 1604 461 θ’.
1629 452 1632 454 v
1695 435 1820 461 (tliuiitzv
1845 433 2039 459 &nuttam-hir.

1238 651 1340 687 113.

364 741 463 773 l'rlm*
494 753 555 772 ron
589 740 731 772 li'rairm'·
760 739 921 782 lwslcili'y!
951 740 1011 772 dei·
1042 739 1144 771 Slml!
1178 738 1368 781 Sleivtlwiy
1398 739 1452 771 die
1481 738 1535 770 ihr
1566 749 1627 769 ron
1657 738 1772 770 semen
1811 735 2005 780 Vorfaliren
2040 735 2217 769 er·!lt(²1'llen

572 800 788 843 l’riiw'le’glien.
821 800 965 832 certefh!
996 799 1051 831 fler
1081 800 1143 831 das
1169 799 1342 831 ΠΙηιιῚΙι-Ρι·
1364 798 1569 831 stada-eelz!
1600 798 1667 830 um!
1696 798 1758 830 das
1782 796 2015 830 llleilelweelel.

929 868 983 901 Ι)Ι.
1018 868 1220 911 Slernlwrgs.
1256 867 1285 901 l.
1319 866 1511 899 Xan-emlwr
1546 866 1653 899 mm).

518 937 658 990 Petrus
697 957 737 989 de
768 957 931 990 Crawaru
962 956 1114 988 (lominus
1145 955 1422 1000 l‘luniplox‘iensis
1452 960 1485 988 ct
1516 954 1798 999 Stoi-ubergensis
1828 965 2071 1000 suprenmsque
2105 964 2225 987 cume-

363 1030 469 1052 rarius
499 1019 603 1051 ezuile
625 1018 860 1051 tlloumeeusis
890 1019 1191 1058 i‘t'cotlg‘nosclnltls
1223 1020 1339 1049 tenore
1360 1019 1571 1061 presencium
1603 1018 1771 1049 universis
1801 1019 1864 1048 tam
1886 1013 2097 1060 presentibus
2126 1024 2224 1059 quam

362 1080 491 1113 suturis.
531 1080 616 1124 quod
648 1082 729 1112 visis
759 1083 788 1111 et
819 1081 978 1123 inspectis
1008 1078 1124 1111 litteris
1153 1079 1276 1110 civium
1307 1079 1451 1110 civitatis
1481 1081 1595 1111 nostre
1625 1075 1826 1119 Sternberg‘.
1859 1075 2004 1109 fidelium
2034 1079 2224 1109 nostrorum

362 1140 568 1175 dilectorum.
601 1152 617 1173 a
649 1139 932 1173 rewrendissiino
964 1141 993 1171 in
1024 1138 1157 1172 Christo
1187 1142 1281 1183 patre
1311 1142 1343 1171 et
1372 1138 1506 1171 domino
1538 1164 1544 1170 .
1576 1164 1583 1170 .
1615 1137 1749 1170 domino
1779 1136 1933 1179 Adici-to,
1970 1140 2111 1182 protunc
2148 1138 2225 1181 epi-

360 1212 463 1246 seopo
494 1202 727 1246 Soita-§nemi
758 1200 958 1244 demumque
987 1199 1243 1245 archiepiscopo
1272 1198 1572 1243 lllagdeburgensi,
1603 1208 1642 1232 ac
1670 1209 1688 1231 a
1718 1197 1818 1231 nobili
1849 1197 1981 1231 domino
2013 1224 2020 1231 .
2052 1223 2058 1231 .
2091 1196 2225 1231 domino

362 1261 459 1294 Petro
489 1262 530 1294 de
555 1261 754 1305 Sternberg.
785 1260 1064 1306 predecessorum
1095 1264 1286 1293 nostrorum
1316 1261 1499 1293 amicorum
1531 1270 1570 1292 ac
1592 1258 1753 1293 heredum
1784 1258 1946 1292 bonorum
1969 1257 2226 1303 Sternbergen-

360 1326 443 1356 sium
475 1322 579 1356 l'elieis
602 1322 863 1358 recordacionis,
893 1332 995 1367 super
1016 1324 1087 1354 iure
1117 1321 1206 1354 civili
1229 1320 1269 1353 de
1289 1331 1348 1353 sua
1378 1323 1501 1365 pietate
1532 1322 1611 1365 ipsis
1632 1320 1716 1354 datis
1745 1331 1785 1353 ac
1805 1322 1977 1354 concessis
2019 1330 2085 1353 nou
2114 1323 2225 1352 tamen

361 1382 471 1416 debito
501 1383 617 1416 ordine
643 1383 825 1416 seeundum
847 1382 1108 1415 consuetudines
1130 1384 1277 1427 ipsorum
1299 1384 1452 1426 antiquas
1482 1381 1664 1426 dispositis,
1694 1392 1755 1414 nos
1785 1384 1884 1426 igitur
1912 1391 2054 1426 presens
2074 1379 2226 1413 dominus

362 1449 391 1477 et
424 1444 523 1477 lieres
553 1443 714 1476 bonorum
746 1444 971 1489 predictorum
1001 1442 1154 1476 omnibus
1184 1441 1359 1475 conatibus
1388 1441 1496 1475 adhoc
1528 1442 1740 1476 intendimus.
1771 1442 1911 1487 qualiter
1941 1442 2114 1475 facultates
2139 1451 2226 1486 pre-

361 1506 524 1538 dictorum
554 1507 675 1538 civium
707 1509 898 1537 nostrorum
929 1503 1056 1537 liberali
1087 1502 1317 1537 munificencia
1348 1514 1544 1545 aug-eamus.
1576 1502 1655 1536 Ideo
1685 1503 1726 1536 dc
1755 1503 1935 1547 singularis
1964 1506 2079 1536 nostre
2107 1503 2224 1546 gracie

363 1566 575 1609 indulgencia
613 1566 749 1611 speciali
787 1565 968 1610 sepedictis
1006 1567 1129 1598 nostris
1167 1563 1297 1597 civibus
1326 1564 1453 1597 litteras
1484 1564 1764 1609 predecessorum
1798 1569 1988 1597 nostrorum
2019 1563 2227 1597 dominorum

362 1627 587 1672 predictorum
626 1625 837 1672 presentibus
875 1625 1086 1663 roboramus„
1135 1624 1337 1658 ratificamus
1380 1629 1478 1669 atquc
1515 1623 1752 1658 confirmamus
1790 1636 1829 1659 ac
1866 1636 1927 1671 per
1961 1624 2224 1670 predecessores

363 1692 495 1721 nostros
525 1690 603 1733 ipsis
629 1687 773 1721 obmissa
804 1690 979 1733 cupientes
1008 1686 1206 1732 adimplere*
1238 1690 1270 1718 ut
1298 1685 1451 1719 omuibus
1481 1684 1607 1719 iuribus
1637 1696 1696 1719 seu
1726 1685 1998 1731 proprietatibus,
2028 1684 2145 1730 quibus
2174 1686 2225 1718 usi

362 1753 436 1782 sunt
468 1748 651 1793 hucusque.
682 1749 792 1781 fruant
821 1752 852 1781 et
872 1752 1005 1781 utantur
1025 1750 1056 1780 in
1078 1758 1188 1781 evum.
1219 1746 1261 1779 Et
1285 1746 1477 1792 specialiter
1499 1749 1577 1792 ipsis
1598 1746 1727 1785 damus,
1757 1747 1972 1780 concedimus
2002 1751 2034 1780 ct
2054 1745 2228 1787 donnum,

365 1814 395 1842 ut
425 1808 578 1843 omnibus
608 1809 732 1842 iuribus
762 1812 854 1843 iuxta
884 1807 1161 1843 consuetudinem
1191 1809 1309 1841 iurium
1340 1806 1551 1851 singulorum
1582 1810 1704 1841 civium
1736 1807 2021 1849 Olomucensium,
2060 1811 2226 1852 tamquam

363 1873 507 1903 civitatis
536 1875 626 1903 terre
654 1869 808 1903 Moravio
838 1869 999 1915 capitalis.
1038 1872 1069 1902 in
1098 1867 1252 1902 omnibus
1290 1868 1438 1901 articulis
1477 1872 1576 1913 atque
1614 1871 1745 1914 punctis
1782 1871 1897 1914 parvis
1930 1871 2004 1902 sive
2033 1870 2163 1912 magnis
2191 1877 2228 1901 se

363 1930 585 1964 conforment.
616 1930 778 1964 Volumus
807 1933 913 1964 eciam
943 1934 974 1963 et
995 1933 1067 1963 iure
1097 1931 1305 1962 instituimus.
1335 1933 1369 1961 ut
1397 1928 1530 1974 opidum
1563 1934 1712 1963 nostrum
1734 1928 1847 1963 Berun
1877 1940 1935 1963 seu
1961 1928 2094 1974 opidani
2123 1929 2228 1962 nostri

364 2002 381 2024 a
412 1994 546 2024 civitate
576 1996 687 2024 nostra
716 1991 865 2037 predicta
896 1994 965 2024 iura
996 1993 1128 2036 capiant
1156 1989 1373 2034 singulasque
1403 1992 1626 2023 necessitates
1655 2000 1734 2024 suas
1754 1994 1787 2023 ut
1808 1994 1883 2035 puta
1906 1992 2063 2032 cervisie,
2093 1999 2226 2034 panum,

363 2055 511 2086 earnium
542 2064 581 2086 ac
611 2053 691 2086 alias
720 2055 942 2086 necessitates
973 2063 1189 2096 quascunque
1218 2050 1340 2084 ibidem
1361 2053 1524 2096 recipiant
1553 2055 1652 2096 atque
1677 2055 1789 2084 emant
1818 2056 1850 2085 et
1870 2061 1935 2085 non
1965 2050 2109 2091 aliunde,
2130 2053 2229 2096 prout

363 2116 465 2146 moris
487 2113 543 2146 suit
566 2112 773 2158 abantiquo.
804 2112 945 2158 Insuper
974 2123 1091 2146 omnes
1112 2116 1226 2146 nostre
1252 2111 1330 2144 ville
1359 2110 1545 2158 subscripto
1577 2115 1703 2146 civitati
1734 2112 1810 2145 huic
1839 2112 2044 2149 adiacentes„
2072 2111 2230 2145 videlicet

363 2174 440 2207 villa
462 2173 591 2217 l'gezd.
622 2174 699 2207 villa
720 2173 898 2219 Huogycz,
928 2173 1006 2207 villa
1028 2173 1192 2216 lquowQ
1222 2172 1299 2206 villa
1320 2171 1595 2218 Mladyeyowicz
1628 2184 1703 2207 cum
1724 2173 1795 2207 aliis
1825 2177 1966 2218 quatuor
1986 2172 2073 2206 villis
2093 2171 2134 2205 ad
2155 2182 2229 2205 eam

364 2234 601 2280 spectantibus.
633 2235 706 2267 villa
745 2234 893 2280 Babycz,
923 2234 1000 2268 villa
1041 2234 1185 2280 Luzycz,
1224 2233 1303 2267 villa
1342 2232 1507 2279 Benathg
1546 2234 1624 2267 villa
1662 2233 1803 2268 Lhouza.
1835 2234 1910 2268 villa
1949 2232 2121 2276 Sternow,
2150 2231 2230 2266 villa

365 2294 567 2340 Dyedynka.
598 2295 675 2328 villa
706 2295 957 2331 Welistawow.
987 2295 1065 2329 villa
1104 2294 1332 2340 Chabyezow,
1364 2294 1440 2328 villa
1478 2294 1614 2334 Dalow.¹
1644 2295 1722 2328 villa
1752 2294 1922 2337 wesse1e‚
1957 2294 2036 2328 villa
2071 2293 2225 2339 Lypyna,

366 2355 441 2389 villa
472 2355 634 2389 Stachow
667 2360 698 2388 et
728 2356 805 2389 villa
836 2355 1055 2401 Kraliuyezy.
1085 2359 1117 2388 in
1146 2358 1282 2388 civitate
1310 2359 1424 2388 nostra
1454 2355 1605 2400 predicta
1636 2357 1815 2388 cervisiam
1846 2357 2000 2400 recipere
2028 2365 2088 2388 seu
2117 2363 2230 2387 emere

364 2415 404 2449 ad
434 2416 673 2461 propinandum
705 2416 871 2450 debebunt
900 2421 933 2450 et
951 2428 1017 2450 non
1043 2416 1186 2449 aliunde.
1218 2415 1442 2449 Promittiums
1472 2419 1558 2449 enim
1590 2418 1680 2462 ipsos
1709 2418 1803 2449 cives
1833 2420 1966 2450 nostros
1995 2426 2055 2449 seu
2083 2417 2230 2460 ipsorum

365 2481 518 2522 posteros
548 2482 578 2510 et
600 2488 816 2511 successores
846 2481 934 2511 cirea
965 2476 1138 2511 libertates
1167 2488 1206 2509 ac
1235 2479 1307 2510 iura
1336 2476 1484 2522 predicta
1516 2476 1605 2510 bona
1628 2480 1741 2511 nostra
1764 2475 1827 2509 fide
1857 2479 1988 2510 sincera
2018 2475 2164 2520 benigne
2192 2484 2231 2507 ac

362 2540 518 2582 graciose
539 2549 757 2572 conservare.
788 2550 850 2571 nec
871 2550 909 2572 ea
931 2541 1051 2583 quavis
1079 2541 1217 2571 racione
1237 2537 1293 2571 vel
1321 2548 1421 2570 causa
1444 2548 1504 2583 per
1524 2548 1597 2580 nos,
1630 2536 1775 2571 heredes
1805 2541 1837 2570 et
1856 2546 2075 2571 successores
2095 2539 2228 2569 nostros

362 2601 394 2632 in
424 2603 492 2631 toto
514 2600 566 2632 vel
598 2602 627 2631 in
650 2604 743 2644 parte
774 2598 1022 2644 quomodolibet
1044 2599 1183 2632 violare.
1215 2597 1251 2631 In
1272 2600 1365 2631 cuius
1395 2597 1499 2631 robur
1520 2597 1684 2631 firmitatis
1709 2609 1749 2631 ac
1770 2600 1964 2631 memoriam
1994 2599 2229 2642 sempiternam

365 2658 508 2703 sigillum
541 2664 688 2692 nostrum
718 2663 823 2692 maius
854 2659 893 2692 de
923 2664 1014 2692 certa
1045 2664 1159 2693 nostra
1188 2661 1334 2692 sciencia
1365 2661 1395 2692 in
1418 2669 1501 2692 zona
1532 2661 1662 2692 sericea
1695 2657 1905 2703 presentibus
1935 2660 2056 2703 apponi
2077 2659 2231 2692 iussimus
