2358 3105
1027 230 1068 263 b'l

122 335 316 381 sanctitas³¹)
346 341 459 369 vestra
494 336 649 379 dignetur
679 334 803 369 babere
833 346 892 380 pro
922 333 1127 367 sufficienter
1156 335 1339 378 expressis.
1387 333 1558 366 Jobannes
1590 344 1670 365 vero
1702 336 1791 377 prior
1820 345 1857 366 ae
1888 346 1976 366 eon-

122 402 243 431 ventus
282 408 341 442 per
378 395 605 431 venerabilem
649 396 815 429 domiiium
855 395 1016 428 'l'bomam
1060 394 1100 427 de
1140 393 1271 426 Amelia
1310 398 1386 426 tuuc
1424 393 1606 425 auditorem
1648 396 1733 425 saei-i
1775 394 1889 438 palacii
1928 394 1979 427 die

121 460 234 502 quinta
269 459 392 490 mensis
431 456 497 490 iulii
535 459 610 489 anni
651 458 795 501 proximi
833 458 982 501 preteriti
1021 454 1153 488 fuerunt
1190 453 1351 487 absoluti:
1392 456 1642 486 instrumentum
1683 453 1900 486 absolutionis
1940 455 1979 487 ad

121 522 231 563 partes
260 518 422 555 decrevit„
452 519 544 550 cuius
574 516 790 550 absolutionis
820 520 851 549 et
880 515 1004 549 decreti
1035 519 1170 548 tenores
1198 517 1356 547 sanctitas
1391 518 1504 547 vestra
1536 517 1641 547 eciam
1671 514 1826 557 dignetur
1857 514 1979 547 babere

120 588 180 623 pro
209 577 416 612 sufficienter
445 580 615 623 expressis
632 576 667 622 ¹¹5.
699 597 748 601 -—
786 576 984 609 Beatissime
1012 579 1117 620 pater.
1166 574 1306 620 Propter
1336 578 1549 608 mutationem
1579 577 1670 607 curie
1700 579 1731 607 et
1761 584 1977 619 persmiarum

119 649 159 672 ac
188 638 414 684 perdicionem
453 639 621 671 literarum
661 642 693 670 et
736 639 955 681 registrorum
1002 638 1254 668 instrumentum
1285 634 1502 668 absolutionis
1530 635 1752 680 predictorum
1796 637 1917 679 prioris
1947 640 1976 667 et

119 703 306 733 conventus
344 710 408 732 non
439 703 547 744 potest
575 697 701 731 baberi.
745 697 787 731 Et
815 708 889 730 eum
924 696 1084 730 bonarum
1115 700 1278 729 mencium
1309 700 1359 729 est
1388 696 1516 741 eulpam
1547 699 1675 730 timere.
1706 695 1758 728 ubi
1789 695 1882 740 eulpa
1914 706 1977 728 uon

119 764 181 801 est‚
222 759 297 793 dicti
327 762 516 805 prepositus
554 763 583 792 et
614 763 801 792 conventus
839 770 881 791 ex
920 756 1226 802 superhabundanti
1256 757 1439 802 supplicant
1468 759 1632 789 sanctitati
1662 760 1788 789 vestre.
1824 759 1977 800 quatinus

119 823 328 854 committere
357 821 537 865 dignemini
567 822 621 853 uni
651 830 694 853 ex
724 817 971 853 venerabilibus
1000 818 1141 851 dominis
1171 818 1246 851 dicti
1277 818 1397 863 palacii
1422 828 1596 851 causarum
1619 815 1811 857 auditui-ih),
1833 816 1918 861 quod
1940 828 1977 849 se

119 880 160 913 de
190 883 362 926 premissis
391 883 583 926 suiq'narie,
613 880 808 925 simpliciter
837 883 868 912 et
898 879 938 912 de
967 878 1065 924 plano
1094 890 1133 911 ac
1162 881 1234 912 sine
1263 881 1401 923 strepitu
1424 883 1455 911 et
1476 878 1581 922 fig-ura
1603 878 1711 911 iudicii
1737 889 1773 911 se
1803 878 1975 911 inl'ormet:
2003 916 2007 920 .

118 945 149 973 et
179 944 206 974 si
226 952 287 986 per
315 941 503 975 huiusmodi
534 941 814 978 informationem„
841 940 947 974 saltim
976 950 1037 985 per
1066 950 1165 972 unum
1196 943 1311 972 testem
1342 939 1497 972 idoneum
1527 943 1559 971 et
1587 949 1647 983 per
1675 938 1756 971 alias
1777 938 1977 971 verisimiles

118 1003 330 1034 coniecturas
351 1004 509 1047 reperiat.
530 1003 693 1046 premissa
714 1000 787 1033 fore
804 1011 898 1042 vera.
919 1004 1043 1033 extunc
1064 999 1223 1042 declaret,
1241 1003 1330 1045 ipsos
1350 999 1537 1033 ¹Iohannem
1558 1002 1703 1044 priorem
1726 1004 1757 1031 et
1775 1003 1975 1032 conventum

118 1061 221 1094 fuisse
259 1066 289 1094 et
319 1072 394 1095 esse
433 1061 472 1094 ab
504 1061 690 1095 huiusmodi
719 1063 899 1094 sentenciis
938 1065 970 1093 et
999 1063 1150 1093 censuris
1188 1060 1369 1101 absolutos,
1399 1071 1500 1105 super
1530 1059 1715 1092 huiusmodi
1750 1060 1977 1093 declaratione

117 1121 230 1155 literas
254 1127 435 1167 oportunas
464 1122 714 1157 dece1·neudo¹‘t
741 1126 773 1154 et
793 1121 931 1154 ulterius
960 1132 1095 1154 causam
1125 1124 1228 1166 ipsam
1250 1125 1397 1154 resumat
1417 1132 1456 1153 ac
1477 1131 1611 1153 causam
1634 1124 1665 1153 et
1694 1131 1813 1153 causas
1842 1123 1975 1164 negocii

116 1182 308 1228 principalis
337 1183 447 1216 audiat
475 1188 506 1216 et
536 1182 665 1215 decidat
694 1193 767 1215 eum
798 1181 949 1215 omnibus
979 1187 1010 1215 et
1038 1182 1177 1226 singulis
1207 1181 1470 1225 emergentibus
1500 1181 1749 1227 dependenciis„
1780 1181 1978 1214 incideneiis

117 1246 149 1275 et>
177 1246 353 1281 connexis„
389 1255 463 1277 cum
502 1247 664 1288 potestate
703 1242 822 1275 citandi
860 1242 980 1275 dictum
1010 1241 1234 1279 Miehconenn
1265 1253 1381 1275 omnes
1420 1247 1451 1275 et
1480 1243 1631 1287 singulos
1667 1253 1724 1275 sna
1754 1244 1975 1274 communiter

115 1302 172 1336 vel
203 1303 332 1336 divisim
364 1307 527 1337 interesse
556 1304 732 1337 credentes
761 1306 792 1336 in
813 1302 964 1336 Romana
993 1306 1084 1336 curia
1106 1303 1160 1336 vel
1189 1307 1297 1339 extra.
1328 1306 1487 1347 quociens
1508 1314 1591 1348 opus
1620 1306 1693 1338 erit.
1720 1314 1784 1335 non
1807 1302 1971 1343 obstante‚

116 1363 202 1407 quod
241 1375 342 1397 cause
380 1364 567 1398 huiusmodi
606 1375 670 1397 non
707 1367 771 1397 sint
806 1363 845 1396 ad
885 1363 1004 1396 dietam
1044 1366 1169 1396 curiam
1208 1364 1356 1408 legitime
1393 1364 1550 1396 devolute
1584 1375 1647 1396 nec
1686 1366 1783 1396 inea
1823 1363 1863 1396 de
1894 1365 1973 1396 iuris

115 1427 316 1457 necessitate
345 1425 516 1458 tractande
555 1436 613 1458 seu
652 1424 806 1458 finiende.
850 1423 891 1457 Et
918 1427 945 1457 si
974 1423 1036 1457 sibi
1070 1427 1257 1457 constiterit
1286 1427 1392 1469 ipsum
1422 1422 1652 1457 Mielionein'¹t
1681 1428 1754 1469 post
1784 1423 1970 1456 huiusmodi

116 1484 371 1529 appellationem
400 1489 489 1531 ipsos
520 1489 665 1531 priorem
695 1490 725 1518 et
756 1489 959 1518 conventum
990 1485 1155 1518 violenter
1184 1485 1357 1530 spoliasse.
1388 1489 1511 1517 extunc
1540 1485 1660 1517 [lictum
1690 1484 1880 1517 Michouem
1911 1483 1970 1517 sub

115 1547 209 1589 penis
239 1549 594 1580 excommunicationis
624 1546 688 1579 late
708 1548 879 1579 sentencie
908 1556 947 1578 ac
967 1548 1205 1590 quinquaginta
1236 1545 1448 1578 marcharum
1469 1545 1582 1589 auri]
1617 1548 1700 1590 puri.
1732 1556 1869 1589 quarum
1897 1556 1973 1578 ine-

115 1605 221 1639 dietas
242 1618 376 1640 camere
397 1607 592 1652 apostolice,
613 1606 674 1640 alia
697 1607 857 1639 medietas
886 1605 1129 1651 exponentibus
1164 1606 1249 1639 infra
1271 1610 1397 1639 certum
1421 1609 1594 1639 terminum
1617 1606 1725 1639 eidem
1745 1605 1892 1639 Michoni
1913 1617 1972 1650 per

115 1666 234 1700 dictum
257 1667 424 1701 dominnm
446 1667 630 1701 auditorem
652 1666 882 1712 pretigendum
905 1671 1050 1705 moneat,
1071 1669 1160 1711 quod
1177 1664 1203 1711 ¹²)
1225 1666 1329 1699 dictos
1351 1671 1560 1711 exponentes
1580 1666 1619 1699 ad
1642 1669 1818 1710 integramq
1849 1666 1972 1699 realem

114 1731 147 1760 et
175 1729 337 1761 actualem
368 1733 398 1761 et
419 1728 625 1761 ell'eetualem
657 1731 905 1772 possessionem
936 1727 1021 1760 dicte
1042 1727 1185 1760 ecclesie
1215 1727 1376 1761 admittat.
1406 1731 1503 1772 prout
1533 1726 1664 1760 fuerunt
1687 1732 1837 1772 tempore
1867 1730 1970 1772 prime

114 1788 346 1833 appellationis
384 1792 577 1834 interposite
606 1789 644 1821 ad
675 1788 789 1821 sedem
819 1788 1057 1833 apostolicamg
1087 1787 1127 1820 de
1156 1787 1317 1821 fructibus
1347 1787 1387 1820 de
1417 1787 1532 1820 eadem
1573 1787 1715 1820 ecclesia
1746 1790 1874 1820 interim
1906 1790 1972 1820 im-

113 1847 256 1882 bui-satis
291 1849 493 1895 respondeat
531 1849 613 1882 iufra
654 1852 828 1881 terminum
873 1851 1062 1881 monitionis
1091 1848 1254 1882 eiusdem.
1290 1847 1380 1888 vela)
1411 1851 1500 1883 citet*
1540 1852 1574 1880 ut
1603 1852 1795 1892 compareat
1825 1848 1972 1891 legitime

114 1919 228 1942 eoram
257 1910 375 1942 eodem
407 1909 540 1943 domino
570 1910 722 1942 auditore
753 1909 791 1942 ad
818 1909 1027 1950 allegandum
1058 1920 1193 1942 causam
1222 1908 1471 1941 racionabilem.
1501 1919 1605 1953 quare
1634 1919 1699 1941 nou
1725 1907 1843 1941 debeat
1864 1919 1966 1953 penas

113 1969 279 2014 predictas
308 1970 472 2003 declarari
515 1970 673 2003 incidisse
695 1974 725 2002 et
748 1969 904 2008 declaret,
930 1972 1102 2014 premissis
1133 1973 1165 2002 et
1185 1969 1256 2002 aliis
1277 1972 1307 2001 in
1329 1972 1531 2001 eontrarium
1562 1969 1657 2002 editis
1678 1979 1743 2001 non
1764 1968 1970 2002 obstantibus

113 2029 376 2075 quibuscunque.
425 2030 460 2064 In
498 2030 562 2064 fine
591 2041 675 2064 vero
715 2030 801 2063 dicte
839 2032 1083 2063 commissionis
1121 2033 1194 2063 sive
1223 2030 1472 2075 supplicationis
1510 2030 1627 2062 cedule
1656 2032 1779 2075 scripta
1809 2034 1904 2062 erant
1933 2030 1973 2062 de

113 2090 248 2124 alterius
278 2089 414 2138 manuhfi
452 2092 545 2124 litera
584 2093 748 2137 superiori
788 2091 882 2123 litere
920 2093 1020 2135 ipsius
1058 2090 1176 2123 cedule
1212 2093 1341 2135 penitus
1371 2095 1403 2122 et
1431 2093 1565 2123 omnino
1595 2090 1746 2123 dissimili
1776 2094 1807 2123 et
1838 2090 1971 2123 diversa

112 2150 176 2184 hec
204 2150 308 2185 verba
337 2151 513 2185 videlicet:
551 2152 602 2185 De.
631 2151 768 2196 spec-ndi
809 2151 964 2183 mandato
1002 2151 1125 2184 domini
1163 2153 1268 2183 nostri
1308 2161 1391 2195 pape
1429 2150 1539 2183 audiat
1577 2153 1736 2195 magister
1769 2150 1901 2184 Montes
1931 2151 1970 2183 de

113 2210 250 2256 Camplo
292 2212 434 2247 auditor.
477 2217 509 2246 ut
546 2215 680 2258 petitur.
724 2217 755 2245 et
803 2214 830 2244 si
872 2222 931 2256 per
977 2214 1191 2244 summai-iam
1238 2211 1518 2253 informationem,
1563 2211 1604 2245 de
1651 2223 1713 2256 qua
1761 2214 1968 2257 exprimitur.

113 2274 310 2311 constiterm
341 2272 380 2305 de
410 2275 582 2318 expressis
612 2284 651 2305 ae
672 2276 837 2318 potestate.
864 2271 1068 2306 absolventis
1098 2272 1246 2305 declaret
1275 2277 1306 2305 et
1327 2272 1497 2306 decernat.
1526 2277 1559 2305 ut
1579 2275 1737 2317 poseium
1769 2277 1812 2309 οἱ,
1842 2275 1868 2305 si
1890 2283 1966 2317 pars

113 2334 312 2377 exponentis
346 2337 447 2377 petatq
486 2335 591 2366 eciam
626 2334 665 2365 ad
696 2332 858 2366 cautelam
888 2332 928 2365 de
956 2343 1046 2365 novo
1077 2332 1230 2366 absolvat
1258 2337 1471 2377 resumatque
1501 2337 1533 2365 et
1561 2333 1671 2366 audiat
1700 2344 1817 2366 causas
1848 2333 1968 2366 buius-

112 2392 200 2425 modi
237 2404 276 2425 ac
314 2395 391 2426 citet
430 2398 463 2426 ut
499 2397 719 2439 exprimitur:
762 2397 918 2426 attentata
957 2392 1104 2438 predicta
1147 2392 1380 2426 nichilominus
1423 2397 1571 2426 revocet.
1614 2398 1709 2438 prout
1741 2393 1780 2425 de
1818 2396 1898 2426 iure.
1938 2398 1967 2425 et

112 2455 308 2486 successive
337 2458 471 2487 moneat
498 2454 558 2488 sub
587 2457 684 2500 penis
715 2458 746 2487 et
767 2455 917 2487 censuris
945 2452 1010 2486 late
1038 2456 1210 2486 sentencie
1241 2458 1272 2486 et
1301 2454 1508 2499 applicanda
1538 2454 1618 2486 alias
1648 2457 1724 2487 citet
1754 2458 1783 2486 et
1806 2453 1964 2488 declaret.

258 2555 287 2585 a]
313 2549 356 2574 die
379 2549 438 2574 drei
463 2551 568 2575 Ietzten
594 2550 696 2576 XVorte
721 2550 772 2574 auf
793 2550 887 2574 Rasur
953 2545 984 2587 brt
1009 2549 1057 2575 ΧΓ.
1079 2550 1134 2575 Sl:
1160 2549 1338 2575 auditoribus
1407 2556 1435 2588 e)
1459 2550 1553 2583 (tris-jz:
1579 2550 1773 2575 tleceriwntes.
1797 2559 1867 2575 corr.
1893 2550 1964 2574 iiaeb

111 2601 160 2627 Nr.
188 2602 222 2627 Sl
326 2601 357 2628 dt
381 2601 431 2627 Nr.
458 2602 492 2626 81
520 2601 581 2626 hier
606 2602 664 2626 unit
691 2605 804 2635 spiiter:
831 2600 917 2625 Mieo-
1021 2601 1047 2636 e)
1078 2601 1128 2627 ΝΥ.
1162 2602 1216 2628 Sl:
1251 2602 1361 2635 argenti
1467 2602 1490 2626 t't
1523 2602 1570 2627 ΧΥ.
1605 2602 1659 2627 31:
1694 2605 1862 2634 unone-itque
1894 2602 1968 2634 quod

114 2658 145 2691 g)
171 2653 220 2679 ΧΓ,
247 2654 283 2677 51
310 2656 379 2677 statt
405 2653 464 2678 vel:
489 2653 561 2678 alias
655 2653 686 2678 ti:
712 2653 761 2681 Nr,
789 2654 843 2679 ⁸1:
870 2661 969 2677 uiauus

260 2702 284 2743 1’)
311 2705 376 2739 Vgl.
394 2705 465 2730 oben
490 2705 534 2730 die
553 2705 691 2731 Urkunde
716 2706 764 2730 ΧΓ.
784 2706 832 2730 QG,

1833 2764 1840 2787 l
1852 2765 1859 2787 l
