2358 3105
1045 220 1092 254 49

295 326 417 361 Jessko
450 326 491 360 de
521 325 683 372 Stpiczky
711 337 812 372 super
841 325 947 368 bonis,
982 324 1140 357 videlicet
1177 326 1366 356 municione
1397 323 1524 356 Sahow
1562 327 1593 355 et
1623 323 1697 356 villa
1729 323 1890 367 Sipiczky
1919 335 1991 357 cnm

139 386 256 433 sigulis
283 389 511 434 pertinenciis:

294 447 466 482 Johannes
495 447 536 481 de
564 446 742 481 Malhoticz
772 457 874 492 super
902 445 1010 488 bonis,
1049 444 1207 478 videlicet
1235 444 1342 477 media
1373 445 1450 478 villa
1479 443 1657 478 Malhoticz
1687 444 1812 489 absque
1843 445 1939 477 laneo
1970 449 2000 478 et

140 509 296 543 Czessicz
334 513 400 542 tota
430 508 507 542 villa
546 518 619 541 cum
650 510 840 541 municione
877 511 909 540 et
937 506 1014 540 villa
1044 504 1167 539 Babicz
1205 509 1273 538 tota
1310 509 1340 538 et
1370 504 1458 538 IIII⁰r
1495 504 1599 537 laneis
1634 515 1707 537 cum
1737 507 1895 549 pomeriis
1925 510 2000 537 ante

139 570 271 615 opidum
300 568 402 603 Gelcz
431 573 463 602 et
491 579 557 602 uno
587 568 683 601 laneo
712 571 742 601 in
773 566 916 601 Cladi-ub
946 566 1007 600 sibi
1036 571 1068 600 et
1097 566 1230 599 domino
1260 565 1400 599 Andree
1430 565 1523 598 fratri
1553 576 1612 598 suo
1643 566 1798 598 indiviso,

295 630 478 664 Zacharias
507 629 588 662 alias
616 628 754 662 Zachko
783 628 824 661 de
853 626 995 661 Samrsk
1022 637 1124 672 super
1152 626 1232 660 villa
1263 625 1405 659 Samrsk
1433 631 1465 659 et
1494 628 1708 671 pertinenciis
1738 628 1850 671 ipsius.

295 690 476 724 Benessius
505 689 544 723 de
573 688 734 723 Ruskeho
764 699 865 734 super
893 687 1000 730 bonis⁷
1031 698 1096 732 que
1124 686 1223 720 habet
1253 690 1286 720 in
1318 687 1393 721 villa
1422 686 1538 720 Ruske
1567 687 1770 732 specialiter.

295 751 479 784 Hanussius
508 750 548 783 de
568 749 737 795 Zawrzye
766 760 866 794 super
894 751 998 782 tercia
1026 752 1121 794 parte
1141 747 1310 789 Zawrzie,
1340 750 1445 789 curia.
1475 747 1600 781 duabus
1631 758 1703 781 cum
1727 747 1833 780 media
1864 750 1999 793 piscinis

139 811 260 845 ibidem
290 814 322 845 in
352 810 519 845 Zawrzie.

295 871 481 905 Hanussius
510 871 551 904 de
581 870 746 904 Cunczicz
776 881 878 916 super
905 869 1017 911 bonis,
1046 869 1207 903 videlicet
1235 873 1301 902 tota
1322 868 1399 902 villa
1426 868 1611 902 Cunczicze
1641 880 1715 902 cum
1744 869 1861 913 sigillis
1889 871 1999 914 perti-

142 935 269 966 nenciis
299 931 373 973 sibi.
403 930 562 965 fratribus
591 935 623 964 et
650 930 823 965 sororibus
852 933 955 976 ipsius
983 929 1146 963 indivisis.

296 991 459 1026 Martinus
488 991 528 1025 de
557 991 784 1025 Braunswerd
815 1002 917 1036 super
945 990 1041 1024 bonis
1070 990 1132 1024 illis
1158 989 1400 1033 Braunswerd,
1430 1001 1493 1034 que
1518 990 1645 1023 Lawtel
1675 994 1770 1035 pater
1798 1001 1876 1024 suus
1898 993 2002 1024 tenuit

126 1043 174 1087 'et
202 1053 361 1098 possedit.

298 1112 415 1147 Petrus
443 1113 545 1146 iudex
582 1113 623 1146 de
652 1112 838 1146 Czwitavia
867 1122 968 1157 super
997 1111 1140 1145 iudicatu
1171 1110 1293 1144 ibidem
1328 1115 1360 1143 et
1388 1113 1604 1156 pertinenciis
1633 1114 1746 1157 ipsius,
1777 1115 1874 1157 prout
1904 1110 1999 1145 Con-

142 1173 241 1207 radus
270 1178 365 1219 pater
393 1184 473 1207 suus
503 1176 606 1206 tenuit
634 1177 665 1206 et
694 1173 854 1219 possedit,
884 1172 945 1206 sibi
974 1176 1006 1205 et
1034 1170 1207 1205 sororibus
1235 1173 1315 1204 suis.

295 1233 461 1268 Bartosko
491 1234 530 1267 de
560 1233 656 1267 Hulin
695 1245 796 1279 super
823 1236 915 1267 curia
944 1237 977 1267 et
1005 1243 1072 1266 uno
1100 1232 1197 1266 laneo
1227 1236 1260 1265 et
1288 1234 1432 1277 quinque
1470 1232 1690 1266 curticulariis
1718 1231 1791 1275 sibi.
1828 1235 1940 1277 pueris
1969 1237 2002 1266 et

141 1294 298 1328 fratribus
326 1297 405 1328 suis.

296 1355 423 1389 Hersso
462 1355 502 1388 de
535 1354 714 1388 Zahlenicz
749 1366 850 1401 super
887 1357 978 1388 curia
1017 1358 1048 1387 et
1086 1353 1214 1387 duobus
1249 1353 1355 1386 1311615
1392 1352 1513 1386 ibidem
1554 1356 1585 1386 in
1622 1353 1739 1398 Ugezd
1776 1354 1817 1387 ad
1852 1354 2001 1388 Medricz

142 1415 369 1461 spectantibus
397 1420 430 1449 et
458 1414 586 1449 duobus
616 1415 837 1449 curticulariis
866 1414 928 1449 sibi
957 1419 989 1448 et
1016 1413 1197 1448 heredibus
1226 1416 1307 1447 suis.

296 1475 478 1509 Benessius
516 1476 556 1509 de
586 1475 786 1510 Sechowicz
824 1486 925 1522 super
963 1477 1054 1508 curia
1096 1473 1218 1507 ibidem
1256 1477 1288 1507 in
1318 1474 1519 1509 Sechowicz
1554 1479 1586 1508 et
1615 1474 1743 1509 duobus
1781 1487 1855 1509 cum
1890 1476 1999 1509 medio

141 1536 246 1570 laneis
276 1540 308 1569 et
336 1536 520 1570 advocacia
549 1539 580 1570 in
610 1536 790 1582 Freyburg
818 1535 892 1578 sibi,
921 1538 1031 1578 uxori,
1061 1533 1240 1568 heredibus
1269 1539 1301 1568 et
1330 1534 1428 1568 Petro
1457 1535 1550 1569 fratri
1578 1539 1693 1582 ipsius.

296 1596 509 1630 Presentibus
546 1596 648 1630 nobili
686 1597 820 1631 domino
850 1596 950 1630 Petro
988 1596 1028 1629 de
1058 1595 1199 1628 Crawar
1237 1595 1317 1628 alias
1356 1595 1397 1629 de
1426 1595 1599 1639 Piumlam
1639 1595 1789 1642 Georgio
1828 1597 1929 1630 milite
1959 1597 2000 1631 de

141 1656 241 1700 Hlulz7
270 1657 392 1691 Drslao
421 1657 462 1691 de
481 1657 767 1701 WVssiechowicz‚
797 1657 966 1691 Liczkone
987 1661 1018 1690 et
1039 1655 1201 1689 Benessio
1231 1655 1271 1689 de
1291 1655 1465 1700 Ruskeho,
1495 1657 1717 1702 Hynczikone
1743 1658 1783 1691 de
1803 1658 2002 1704 Dyewczie‚

141 1717 319 1751 Walthero
350 1718 390 1751 de
419 1717 564 1766 Keczer.
596 1718 769 1752 Herssone
799 1718 838 1751 de
867 1718 1060 1764 ZalenyicZ‚
1098 1716 1308 1751 Henslikone
1337 1717 1378 1751 de
1407 1717 1649 1761 Cowalowicz.
1687 1718 1786 1753 Petro
1816 1719 1857 1752 de
1885 1718 2002 1753 Zwola

141 1778 222 1812 31135
261 1778 301 1812 de
337 1777 465 1822 Zmola.
503 1778 658 1825 Zygotha
698 1779 738 1812 de
776 1778 912 1822 Podole‚
950 1778 1050 1812 Petro
1090 1778 1130 1812 de
1168 1778 1366 1821 Petrswa1d‚
1396 1778 1602 1812 Wenceslao
1640 1779 1680 1812 de
1717 1779 1927 1814 Morkowicz
1966 1791 2006 1813 ac

141 1838 391 1873 venerabilibus
432 1842 516 1873 viris
558 1840 700 1874 dominis
742 1839 897 1873 Johanne
939 1839 980 1873 de
1023 1839 1198 1873 Straznicz
1242 1839 1382 1883 decano,
1426 1838 1587 1873 Sulikone
1630 1839 1775 1883 officiali,
1819 1840 2002 1874 lVilhelmo

142 1899 383 1944 Kortelangen.
414 1900 596 1934 Francisco
622 1901 662 1934 de
683 1900 822 1934 Gewicz
842 1900 1097 1946 prothonotario
1118 1901 1243 1934 domini
1262 1903 1354 1945 regis
1383 1899 1521 1934 Boemie
1550 1905 1581 1933 et
1611 1900 1783 1946 Stephano
1813 1901 1853 1935 de
1879 1901 2004 1935 Stern-

146 1959 243 2005 berg.
269 1963 440 1994 canonicis
469 1963 557 1994 circa
586 1964 749 2006 premissa
779 1960 968 2005 fidedignis.

298 2020 465 2066 Philippus
494 2021 535 2054 de
556 2020 795 2067 Gyrzikowicz
825 2032 926 2066 super
954 2020 1043 2055 IIIIor
1069 2021 1174 2055 laneis
1205 2026 1236 2055 et
1266 2021 1392 2055 duabus
1421 2022 1591 2055 curticulis
1619 2022 1740 2056 ibidem
1770 2025 1802 2056 in
1828 2022 2003 2068 Gyrziko-

141 2083 228 2115 wicz
257 2080 319 2115 sibi
349 2086 381 2114 et
410 2081 590 2115 heredibus
621 2093 659 2115 ac
689 2081 847 2116 fratribus
876 2085 990 2127 ipsius.

296 2140 467 2175 Johannes
496 2142 599 2176 Husie
628 2143 668 2176 de
696 2142 893 2188 Byelowicz
922 2153 1023 2187 super
1043 2146 1109 2175 tota
1129 2142 1207 2176 villa
1228 2141 1424 2188 Byelowicz
1445 2147 1478 2176 et
1506 2143 1622 2188 sigillis
1645 2146 1861 2189 pertinenciis
1882 2148 1913 2176 et
1934 2146 2005 2176 iure

142 2205 334 2248 patronatus
354 2202 475 2236 ibidem
491 2202 552 2237 sibi
568 2202 813 2248 heredibusque
834 2206 923 2245 suis;
943 2207 976 2237 et
995 2203 1071 2236 dum
1090 2201 1212 2236 Jessko
1232 2202 1415 2248 Polukopie
1436 2214 1550 2237 coram
1567 2203 1700 2237 domino
1715 2207 1859 2247 venerit,
1881 2203 2001 2238 eodem

143 2266 215 2296 iure
244 2262 379 2297 feodum
406 2266 578 2309 suscipere
608 2263 774 2297 tenebitur
803 2274 904 2309 super
933 2263 1059 2297 eisdem
1088 2262 1196 2304 bonis,
1226 2268 1324 2308 prout
1352 2263 1523 2297 Johannes
1551 2263 1655 2298 Husie
1684 2275 1762 2298 suus
1788 2275 2004 2309 congressor.

299 2323 382 2358 Item
410 2323 493 2358 feria
530 2329 645 2369 quarta
681 2327 832 2369 proxima
872 2328 946 2369 post
983 2326 1127 2357 omnium
1165 2328 1356 2358 sanctorum
1394 2324 1545 2370 prefatus
1578 2324 1701 2359 Jessko
1739 2336 1842 2371 super
1879 2325 2005 2358 eisdem

145 2383 240 2418 bonis
270 2383 465 2430 Byelowicz
495 2388 642 2430 suscepit
671 2384 807 2418 feodum
837 2389 869 2417 et
897 2387 1117 2418 iuramentum
1147 2384 1315 2418 fidelitatis
1345 2388 1469 2430 omagii
1498 2388 1653 2430 prestitit.

299 2444 418 2478 Petrus
448 2445 489 2478 de
508 2444 623 2478 Zmola
654 2456 754 2491 super
783 2449 848 2478 tota
870 2444 948 2478 villa
967 2443 1095 2487 Zmola‚
1125 2444 1284 2479 Skalicze
1313 2449 1345 2479 et
1370 2448 1403 2479 in
1433 2450 1544 2479 castro
1576 2445 1718 2488 Meraw,
1749 2446 2005 2487 Schiczendorl'⁹

145 2504 337 2547 Krzichleb‚
366 2505 561 2548 WWachow,
596 2504 798 2547 Lukawecz7
837 2515 959 2538 novem
989 2505 1193 2550 quartalibns
1223 2510 1299 2539 ante
1327 2506 1461 2551 Miglicz
1499 2517 1573 2540 cum
1604 2518 1717 2540 eorum
1749 2507 1864 2551 sigulis
1894 2510 2004 2552 perti-

145 2568 274 2599 nenciis
302 2564 364 2598 sibi
393 2570 426 2599 et
454 2565 611 2599 fratribus
640 2569 719 2599 suis.

301 2625 472 2659 Johannes
501 2625 542 2659 de
562 2625 704 2659 Brandis
733 2637 833 2671 super
854 2628 945 2659 curia
975 2629 1009 2660 in
1027 2625 1128 2660 Zelcz
1157 2631 1189 2660 et
1215 2629 1246 2660 in
1267 2626 1421 2661 Brnnans
1442 2639 1545 2661 censu
1564 2639 1686 2661 novem
1709 2627 1887 2661 fei-tonum.
1910 2632 2009 2674 prout

147 2686 279 2719 domina
308 2685 522 2719 Trzebowka
553 2689 657 2720 tenuit
686 2691 715 2719 et
746 2686 905 2732 possedit.
