2358 3105
1256 197 1300 230 ‘2¹

1242 320 1318 353 2⁴3„

351 388 420 420 ltm·
460 388 654 432 [mpslliehi-
701 388 834 431 I'iistlcm
884 388 1025 420 l'lwmns
1068 390 1107 420 ile
1165 388 1281 420 {nielfa
1326 386 1403 419 hem
1454 387 1508 419 alie
1543 386 1626 419 alwi-
1672 387 1734 419 das
1782 386 2125 430 :lnyuslitwrltlmrler
2180 387 2212 419 in

349 449 548 481 [dimisti-«m
598 448 784 480 aulas-,airh
833 448 892 479 des
942 450 1088 480 Nlreiles
1134 460 1246 490 meilen
1295 449 1355 480 dm·
1408 446 1629 491 ΙἸὶιι-νΙιίἰϊΙιν
1676 449 1706 480 in
1754 447 1976 480 ix'ezatm'slitz
2025 447 2213 490 rei-luitque

532 509 871 541 l'.'.1-‹vm'illinit-nilion
905 510 971 540 tim!
1001 510 1063 540 dns
1096 508 1258 541 [ulerilicl
1289 511 1359 552 nus.
1476 508 1530 541 ΙΙΙ.
1566 508 1690 543 Luci-(1.
1727 507 1780 542 13.
1812 508 1886 540 ,lull
1918 508 2024 541 1-7(Ιᾶ

504 576 532 628 ι
552 608 599 628 mx
612 599 694 629 ersis
712 601 739 627 et
759 595 899 632 singulis
916 595 1036 627 flu-isti
1056 595 1204 628 tidelibus
1217 600 1244 628 et
1265 598 1440 641 presertim
1458 595 1643 632 abliatibus.
1661 595 1839 641 prioribus.
1857 598 2046 641 pi·‹=pusuis‚
2063 596 2213 632 decanis.

345 657 599 690 arcludiacoius.
623 656 825 689 cantoribus.
848 656 1045 689 scolasticis.
1078 656 1296 689 thesaurariis
1326 661 1355 689 et
1379 659 1552 690 canonicis
1573 660 1637 689 tam
1659 655 1901 689 cathedralium
1923 667 2019 700 qutun
2042 656 2210 698 collegia—

345 723 448 750 tarum
480 717 804 762 parrochialiumque
835 716 1105 749 conventualium
1143 717 1347 759 regularium
1370 722 1400 750 et
1422 717 1622 750 secularium
1645 717 1864 750 ecclesiarum
1901 715 2087 750 rectoribus
2109 721 2210 750 cete—

347 782 456 822 risque
488 777 708 822 pi·‹·sl›)teris.
732 780 877 810 xit-ariis.
900 776 1082 820 capellanis
1103 780 1228 810 curatis
1257 782 1290 810 et
1319 789 1383 811 non
1414 780 1551 812 curatis.
1578 778 1723 811 clericis.
1755 779 1892 810 notariis
1922 781 1953 809 et
1979 776 2212 810 tabellionibus

344 838 480 884 publicis
498 850 556 883 per
573 841 728 871 cixitates
745 842 774 870 et
793 837 946 870 dioceses
966 837 1182 879 l'ragensem.
1201 837 1553 884 [autionustvnseni²¹).
1571 838 1831 871 Olouuiccnsem
1848 842 1881 870 et
1896 837 2212 871 Wratislavienscm

343 911 380 931 ac
420 899 500 931 alias
542 898 674 931 ubilibet
711 900 896 930 constitutis
937 902 968 929 et
1003 897 1138 930 cuilibet
1169 903 1316 932 xcstrum
1357 899 1544 937 insonitum„
1583 899 1622 932 ad
1662 910 1802 943 quorum
1843 901 1998 931 noticiam
2038 902 2214 944 presentes

344 960 436 992 litere
474 961 701 1004 pei-waeriut.
741 961 926 991 comuniter
965 958 1017 991 vel
1057 957 1188 992 divisim
1223 959 1370 994 'l'homas
1410 960 1449 993 de
1491 960 1621 993 Amelia
1661 960 1872 993 decretorum
1912 959 2041 996 doctor„
2089 959 2212 993 domini

343 1023 444 1053 nostri
482 1031 565 1065 pape
606 1019 797 1065 capellanus
840 1024 868 1052 et
910 1021 1011 1064 ipsius
1050 1022 1136 1052 sacri
1181 1020 1299 1065 palacii
1342 1021 1515 1066 apostolici
1555 1031 1730 1054 causarum
1775 1031 1812 1053 ac
1852 1031 1953 1053 camse
1996 1024 2027 1053 et
2066 1019 2214 1065 partibus

343 1082 560 1125 infrascriptis
590 1092 650 1125 per
670 1080 785 1113 sedem
807 1080 1026 1124 apostolicam
1049 1080 1241 1125 specialiter
1262 1081 1449 1126 deputatus.
1481 1081 1620 1114 salutem
1651 1083 1682 1114 iu
1704 1081 1839 1114 domino
1869 1085 1901 1113 et
1922 1080 2018 1114 tidem
2044 1080 2212 1114 indubiam

342 1141 551 1187 presentibus
581 1140 741 1174 adhibere
780 1152 818 1173 ac
850 1140 1012 1174 mandatis
1050 1144 1174 1175 nostris
1214 1141 1399 1175 huiusmodi
1441 1144 1623 1176 imoverius
1661 1141 1854 1187 apostolicis
1894 1141 2032 1174 tirmiter
2060 1140 2210 1175 obedire.

343 1203 525 1236 Mucialis.
573 1202 658 1247 quod
710 1201 829 1234 dudum
874 1200 980 1234 felicis
1024 1201 1269 1235 recordationis
1313 1202 1465 1236 dominus
1510 1202 1702 1236 Bonil'acius
1750 1214 1832 1248 papa
1890 1213 1997 1236 nonus
2039 1202 2211 1248 quandam

342 1266 551 1296 comissionis
594 1265 667 1295 sixe
713 1262 965 1307 supplicationis
1012 1261 1162 1295 cedulam
1212 1263 1402 1295 reverendo
1446 1266 1477 1296 in
1517 1263 1651 1297 Christo
1691 1265 1775 1308 patri
1824 1263 1958 1296 domino
1999 1262 2131 1296 Brando
2170 1263 2211 1296 de

342 1325 543 1358 t'astelliono
582 1326 740 1369 episcopo
779 1322 983 1357 Placentino.
1024 1327 1099 1356 tunc
1138 1326 1224 1356 sacri
1264 1324 1380 1369 palacii
1427 1325 1600 1370 apostolici
1630 1334 1806 1357 causarum
1832 1323 1986 1367 auditori,
2017 1326 2212 1369 presentari

342 1386 414 1418 t'ecit
446 1384 506 1418 sub
537 1385 597 1418 hiis
641 1383 774 1417 verbis:
816 1383 981 1427 Digni-tur
1010 1395 1035 1417 s.
1059 1395 1091 1417 v.
1123 1396 1258 1418 causam
1289 1389 1321 1417 et
1351 1396 1470 1419 causas
1500 1388 1598 1418 etiam
1628 1385 1858 1430 appellationis
1888 1389 1920 1418 et
1949 1384 2209 1430 appellationum

341 1450 369 1479 in
401 1446 546 1492 partibus
577 1450 607 1478 et
633 1445 671 1479 ad
702 1445 816 1479 sedem
847 1445 1065 1490 apostolicam
1096 1447 1290 1490 interposite
1320 1457 1379 1479 seu
1411 1448 1681 1491 interpositarum
1713 1457 1730 1478 a
1761 1445 2015 1491 quibuscunque
2045 1447 2212 1491 protensis

340 1506 550 1553 processibus
586 1506 626 1539 ad
666 1509 853 1539 instantiam
883 1506 1054 1539 cuiusdem
1094 1505 1238 1539 Milionis
1269 1506 1404 1552 Philippi
1444 1507 1485 1540 dc
1515 1505 1721 1552 Czyhowicz
1751 1506 1942 1552 presbytcri
1974 1506 2210 1539 Olomucensis

340 1569 484 1601 diocesis
515 1568 555 1600 de
585 1572 615 1601 et
645 1579 746 1613 super
775 1564 961 1611 ecetesiat)
991 1566 1195 1612 parrochiali
1226 1570 1256 1601 in
1287 1567 1508 1601 Nezamislicz
1538 1567 1624 1601 dicte
1655 1567 1889 1601 Olomucensis
1919 1567 2063 1600 diocesis
2092 1570 2210 1601 contra

340 1628 552 1663 wiwralutcs
591 1633 620 1662 et
666 1628 844 1673 religiosos
882 1631 974 1661 viros
1022 1628 1174 1661 dominos
1217 1628 1398 1661 llenricum
1444 1631 1648 1674 prepositum
1692 1632 1724 1661 et
1767 1632 1969 1661 conventum
2014 1629 2206 1662 monasterii

339 1693 576 1723 canonicorum
613 1689 815 1734 regularium
853 1689 893 1722 de
923 1687 1118 1723 Lanskrona
1148 1688 1274 1722 ordinis
1304 1691 1410 1722 sancti
1440 1690 1634 1733 Augustini„
1669 1687 1946 1722 Luthomislensis
1978 1687 2137 1731 diocesis,
2177 1692 2210 1721 ut

339 1751 457 1784 dieitur
486 1750 580 1784 sactis
611 1755 643 1783 et
672 1750 851 1783 fulminatis
873 1761 911 1783 ac
941 1752 1074 1794 negocii
1104 1750 1297 1795 principalis
1328 1753 1474 1795 ipsarum
1487 1752 1528 1795 Ἴ,
1559 1761 1623 1794 que
1654 1751 1807 1792 vertitur,
1831 1753 2007 1782 vertuntur
2027 1760 2087 1783 seu
2118 1750 2210 1782 verti

339 1816 366 1844 et
399 1822 474 1845 esse
511 1815 688 1856 sperantur
718 1813 802 1844 inter
840 1810 946 1844 dictos
984 1810 1137 1843 dominos
1167 1812 1371 1855 prepositum
1410 1815 1443 1843 et
1472 1814 1674 1844 conventum
1711 1820 1763 1843 ex
1793 1820 1856 1842 una
1887 1813 1983 1855 parte
2021 1813 2053 1842 et
2084 1808 2209 1842 dictum

337 1871 527 1906 Mickonem
566 1872 606 1905 (le
636 1877 667 1905 et
696 1883 796 1917 super
835 1871 920 1905 dicta
951 1870 1152 1917 parrochiali
1183 1871 1326 1904 ecclesia
1364 1875 1397 1904 et
1426 1874 1529 1916 ipsius
1558 1873 1737 1904 occasione
1767 1875 1860 1916 parte
1900 1881 1944 1904 ex
1973 1870 2077 1904 altera
2107 1870 2207 1903 alicui

337 1934 377 1967 de
399 1933 540 1966 dominis
570 1932 773 1966 auditoribus
795 1935 898 1967 vestri
919 1935 1007 1966 sacri
1027 1932 1146 1978 palacii
1171 1931 1344 1976 apostolici
1366 1943 1544 1965 causarum
1575 1934 1748 1965 comittere
1779 1930 1979 1964 audiendum
1991 1928 2035 1975 ¹¹),
2065 1940 2202 1975 cogno—

338 1994 509 2027 scendum.
541 1993 759 2027 decidendum
790 1998 821 2027 ct
852 1993 915 2027 line
945 1992 1055 2027 debito
1085 1992 1332 2026 terminandum
1363 2003 1437 2025 cum
1463 1991 1615 2026 omnibus
1641 1996 1675 2025 et
1694 1991 1835 2037 singulis
1856 1994 1923 2025 suis
1945 1989 2208 2035 emergentibus,

341 2054 571 2088 incidentibus.
599 2054 862 2100 dependentibus
891 2059 923 2087 et
943 2056 1107 2088 connexis
1137 2057 1167 2086 et
1189 2064 1262 2086 cum
1293 2057 1457 2098 potestate
1486 2052 1684 2086 absolvendi
1705 2052 1902 2097 simpliciter
1922 2056 1954 2085 et
1979 2051 2019 2085 ad
2040 2050 2204 2084 cautelam

340 2115 445 2148 dictos
475 2115 627 2148 dominos
658 2115 836 2148 lleuricum
868 2117 1072 2160 prepositum
1102 2119 1133 2147 ct
1159 2117 1341 2147 canonicos
1372 2113 1546 2158 regulares
1577 2113 1653 2147 dicti
1683 2115 1876 2147 monasterii
1920 2123 2051 2146 necnon
2082 2111 2203 2145 citandi

340 2176 461 2209 dictum
491 2175 660 2209 Mikouem
701 2179 730 2209 in
761 2179 852 2209 curia
891 2180 923 2209 et
952 2179 1046 2208 extra
1084 2180 1114 2208 et
1145 2174 1184 2207 ad
1214 2178 1338 2220 partes,
1377 2177 1539 2219 quociens
1577 2185 1660 2220 opus
1689 2177 1774 2216 erit3
1818 2184 1885 2207 non
1915 2172 2080 2216 obstante„
2120 2172 2207 2217 quod

342 2248 442 2270 cause
473 2236 659 2269 huiusmodi
690 2248 753 2270 non
784 2240 847 2270 sint
877 2237 917 2270 de
947 2239 1090 2282 ipsarum
1122 2240 1238 2268 natura
1268 2235 1308 2268 ad
1347 2238 1473 2269 curiam
1505 2235 1689 2269 Romanam
1720 2235 1870 2279 legitime
1901 2233 2058 2268 devolute
2097 2244 2207 2278 neque

342 2301 372 2330 iu
403 2309 440 2331 ea
471 2297 511 2330 de
541 2300 620 2330 iuris
650 2301 850 2330 necessitate
881 2297 1052 2330 tractande
1090 2307 1198 2341 neque
1237 2298 1335 2329 etiam
1366 2295 1521 2329 finiende.
1562 2295 1597 2328 lu
1627 2289 1690 2328 line
1720 2306 1803 2328 vero
1842 2295 1928 2328 dicte
1958 2295 2206 2327 commissionis

343 2361 416 2392 sive
445 2358 694 2404 supplicationis
724 2358 840 2391 cedule
870 2361 991 2404 scripta
1023 2362 1117 2391 erant
1155 2357 1195 2390 de
1225 2356 1287 2389 alia
1319 2367 1415 2390 manu
1446 2361 1477 2389 et
1506 2356 1601 2389 litera
1631 2358 1796 2401 superiori
1827 2355 1922 2388 litere
1951 2357 2054 2400 ipsius
2084 2353 2202 2387 cedule

340 2422 470 2464 penitus
499 2423 529 2452 et
560 2421 693 2451 omnino
724 2418 873 2452 dissimili
903 2430 940 2452 ac
970 2419 1103 2452 diversa
1132 2417 1292 2452 videlieet
1321 2416 1383 2449 hec
1414 2415 1537 2449 verba:
1569 2416 1619 2449 De
1649 2415 1803 2449 mandato
1834 2416 1958 2449 domini
1982 2417 2087 2449 nostri
2117 2424 2203 2460 pape

340 2479 449 2512 audiat
480 2482 640 2523 magister
674 2479 817 2521 Brandau
855 2482 944 2513 citet.
984 2484 1017 2512 ut
1047 2481 1179 2524 petitur,
1219 2482 1251 2511 et
1279 2480 1441 2511 iusticiam
1473 2477 1581 2510 faciat.
1613 2497 1662 2501 ——
1682 2476 1811 2509 Deinde
1841 2487 1924 2510 vero
1955 2475 2041 2509 dicto
2071 2475 2206 2509 domino

493 2563 523 2599 a)
549 2566 626 2597 Oris.
660 2571 729 2592 stets
763 2567 889 2591 Lnelioin
921 2570 991 2591 statt
1023 2566 1155 2597 Luthom,
1180 2574 1272 2600 gagen
1298 2566 1377 2591 Eudo
1409 2566 1560 2600 einigei‘nal
1593 2573 1649 2590 von
1681 2568 1809 2598 spaterer
1834 2564 1918 2589 Hand
1948 2573 1961 2590 e
1986 2564 2013 2588 in
2038 2566 2049 2588 t
2077 2562 2207 2595 eorrigirt

339 2618 368 2641 lm
394 2618 446 2643 clia
474 2619 499 2642 in
530 2615 618 2643 Ulia
649 2618 701 2643 auf
724 2619 831 2650 Hasur3
863 2618 906 2642 die
932 2618 1121 2643 (¹01-reetiire11
1146 2618 1208 2643 sind
1234 2618 1294 2643 hier
1318 2618 1374 2642 und
1400 2621 1495 2651 spater
1520 2626 1575 2643 von
1599 2617 1676 2642 einer
1702 2616 1757 2641 und
1783 2615 1932 2641 derselben
1953 2617 2093 2649 jiingeren
2118 2614 2205 2639 Hand

338 2680 351 2695 c
391 2670 463 2695 'sext
487 2670 522 2694 im
550 2671 628 2701 ‹ti-ig.
654 2670 864 2699 versclirieben,
891 2670 1037 2695 vielleielit
1063 2669 1109 2695 fiir
1134 2671 1258 2703 ipsarum
1285 2678 1318 2694 zu
1346 2670 1441 2695 lesen:
1467 2677 1582 2694 eausam
1607 2671 1635 2693 ct
1659 2676 1760 2693 causas
1814 2668 1842 2701 d)
1868 2667 1965 2701 Origst
1991 2666 2162 2692 audiendam
