2358 3105
1267 196 1312 229 ot

359 309 442 338 eatis
472 310 501 337 et
534 304 652 338 habitis
683 316 742 348 pro
772 303 956 348 publicatis.
987 305 1102 334 eontra
1133 312 1273 345 quormu
1305 303 1436 333 testium
1467 300 1552 333 dieta
1584 304 1612 333 et
1645 311 1807 345 personas
1838 300 1896 333 l'uit
1935 311 1994 345 per
2024 301 2218 342 magistrum

358 366 520 399 jacobum
552 370 803 411 pi·oenr:u‹›rem
836 367 937 409 partis
958 362 1103 395 adverse
1134 365 1311 406 exceptum
1343 365 1372 393 et
1395 360 1525 394 deuuuu
1553 371 1612 406 per
1633 362 1827 403 uuigistrum
1851 360 1981 393 l'etrum
2014 360 2221 405 replicatum.

360 426 547 471 deimleque
578 431 737 463 magister
766 423 911 457 jaeobus
942 426 1140 467 procurator
1178 425 1207 454 et
1240 424 1372 454 uomiue
1403 423 1634 466 procuratorio
1670 423 1772 466 partis
1801 421 1946 454 adverse
1975 432 1991 453 a
2023 420 2220 465 duplieundo

361 490 498 519 reeessit
529 491 558 519 et
591 490 701 531 petivit
735 497 793 529 per
824 496 882 516 uos
914 483 1088 527 interloqui
1118 493 1220 527 super
1249 482 1512 528 exeepeiouiluis
1543 487 1571 515 et
1603 482 1818 527 replieueioni
1850 484 2008 527 ipsorum.
2041 481 2110 514 Nos
2140 491 2222 513 vero

360 547 474 580 Sulieo
504 551 684 580 canonieus
711 551 739 578 et
763 544 916 577 ol'lieiulis
946 546 1194 589 suprascriptus
1224 543 1262 575 ad
1286 546 1484 588 petieiouem
1516 546 1660 589 ipsorum
1692 546 1946 588 procurabit-um
1969 541 2223 586 iuterlotpwiulo

359 612 648 653 pronunet-nunus.
682 611 768 651 ipsas
799 610 910 650 partes
941 604 1096 637 liiueiude
1126 604 1165 637 ad
1188 615 1239 638 ea.
1270 615 1334 648 que
1356 608 1478 649 ponunt
1510 607 1539 637 iu
1562 603 1824 649 exeepeiouibus
1850 605 1930 638 suis.
1952 603 1991 636 ad
2014 602 2220 648 probamlum

359 669 430 701 t'ore
470 674 498 700 et
530 681 605 701 esse
636 666 856 700 :nlmitteudas
895 669 924 698 et
956 665 1160 698 admisimus.
1212 663 1383 697 l‘roduetis
1414 667 1524 709 itaque
1565 676 1623 709 per
1661 667 1748 709 ipsas
1783 668 1894 709 partes
1934 663 2088 697 liiueiude
2118 666 2219 696 certis

358 741 470 762 eoram
502 729 595 762 uobis
627 726 885 773 prolnwiouiluis
923 730 955 759 et
985 726 1104 759 deinde
1133 728 1234 758 certis
1264 725 1528 770 except-ionibus
1566 724 1765 758 subsecutis.
1806 724 1892 756 ‹liete
1927 728 2037 768 partes
2067 723 2221 757 biucinde

358 802 374 822 ιι
407 789 598 834 replicando
629 792 841 821 recesserunt
873 791 903 819 et
935 789 964 819 in
995 797 1094 819 eausa
1125 788 1271 831 presenti
1303 786 1456 818 concludi
1487 789 1662 831 petierunt.
1710 785 1759 818 ,m
1790 795 1931 829 «piorum
1961 787 2160 829 peticionem
2192 787 2222 817 iu

357 863 456 884 eausa
488 850 672 883 huiusmodi
704 849 928 882 eonelusimns
959 852 990 881 et
1021 851 1050 881 in
1081 851 1149 892 ipsa
1182 845 1355 879 babuimus
1386 857 1445 890 pro
1475 846 1646 881 concluso.
1687 849 1783 890 prout
1812 856 1850 877 ea
1883 847 1992 878 omnia
2030 849 2062 878 et
2091 845 2221 889 singula

358 915 498 945 iuuetis
535 913 683 944 articulis
722 921 823 943 cause
862 908 1050 942 huiusmodi
1089 918 1202 941 eoram
1243 906 1337 939 nobis
1376 906 1496 939 liabitis
1536 911 1565 939 et
1605 908 1806 951 conscriptis
1843 905 1972 950 plenius
2010 909 2041 938 et
2080 905 2219 939 lucidius

358 977 538 1005 noscuntur
559 974 732 1004 contineri.
756 970 825 1003 Nos
847 973 956 1014 itaque
977 969 1090 1003 Sulieo
1112 970 1294 1001 eanonicus
1315 971 1346 999 et
1368 967 1519 1000 ol'lieialis
1542 966 1710 1012 predictus
1728 969 1829 1012 ipsius
1850 977 1952 999 cause
1973 965 2181 999 documentis
2191 966 2222 1011 ¹¹)

358 1036 438 1065 xisis
469 1038 496 1065 et
529 1033 569 1065 de
599 1032 738 1065 eousilio
769 1033 1035 1076 iurisperitorum
1067 1029 1239 1062 discussis⁸
1271 1031 1463 1061 memoratis
1494 1027 1770 1073 procuratoribus
1799 1038 1859 1072 pro
1888 1026 2050 1060 audienda
2072 1038 2132 1072 per
2160 1037 2221 1060 nos

358 1093 435 1126 l'erri
467 1096 636 1126 seuteneia
668 1091 841 1125 dit'liuitiva
873 1091 926 1124 vel
957 1090 1133 1124 (licendum
1164 1099 1299 1122 causam
1331 1087 1583 1124 racionabilem.
1613 1099 1717 1133 quare
1748 1088 1828 1121 ferri
1858 1098 1922 1120 non
1959 1087 2079 1121 debeat
2108 1098 2221 1121 coram

357 1153 450 1186 nobis
480 1157 630 1187 evoeatis
659 1158 691 1186 et
712 1156 744 1186 iu
767 1152 888 1186 iudicio
918 1150 1202 1197 comparentilms.
1230 1149 1421 1193 nullamque
1443 1160 1590 1189 caustum
1621 1160 1725 1194 quare
1755 1150 1925 1182 sentencia
1957 1147 2130 1182 diffinitiva
2152 1150 2221 1194 ipsa

358 1214 437 1247 t'erri
469 1225 532 1247 non
563 1214 693 1248 debeat.
724 1212 959 1257 allegantibus.
989 1212 1047 1245 sed
1078 1210 1219 1244 eandem
1251 1220 1324 1242 eum
1356 1212 1517 1243 instancia
1548 1210 1627 1244 scrri
1658 1208 1912 1255 postulantibus.
1943 1212 2047 1254 ipsam
2077 1213 2221 1243 senten-

356 1278 439 1307 ciam
471 1274 679 1308 dil‘tinitivam
710 1277 741 1308 in
772 1273 960 1307 huiusmodi
991 1283 1091 1306 eausa
1122 1271 1162 1305 de
1192 1270 1333 1304 consilio
1364 1273 1629 1316 iurisperitorum
1669 1274 1701 1304 in
1731 1273 1863 1316 scriptis
1895 1271 2038 1307 tulimus.
2078 1270 2220 1313 legimus

356 1340 385 1369 et
416 1336 703 1381 proumlgmimus
733 1346 792 1380 per
813 1338 923 1368 omnia
954 1333 1015 1367 sub
1045 1333 1107 1366 liiis
1128 1331 1261 1366 verbis:
1294 1331 1415 1365 Clu-isti
1446 1334 1580 1366 nomine
1610 1335 1768 1365 invocato
1798 1343 1858 1377 pro
1885 1331 2036 1365 tribunali
2067 1331 2223 1365 sedentes

356 1401 385 1429 et
418 1396 578 1430 habentes
608 1408 667 1442 pre
693 1396 797 1429 oculis
827 1395 932 1429 solum
964 1395 1061 1428 deum
1092 1405 1151 1439 per
1173 1392 1257 1425 liaue
1287 1397 1434 1426 nostram
1465 1393 1674 1427 dil'liuitivam
1705 1396 1922 1429 sentenciauu
1953 1403 2049 1437 quam
2081 1391 2219 1425 ferimus

356 1461 387 1491 iu
417 1457 478 1490 luis
508 1460 648 1502 scriptis.
684 1459 978 1503 prominet-ianuis.
1019 1456 1230 1488 derernimus
1269 1458 1300 1486 et
1330 1453 1540 1487 declaramus
1569 1453 1744 1500 prehabito
1774 1454 1914 1488 consilio
1944 1455 2222 1498 iurisperitorum7

357 1518 570 1551 honorabiles
608 1530 646 1551 ac
676 1518 855 1561 relig-iosos
885 1519 1037 1561 virgines
1068 1518 1260 1561 priorissam
1292 1518 1322 1546 et
1353 1519 1557 1548 conventum
1598 1517 1792 1548 monasterii
1831 1518 1947 1548 sancte
1977 1513 2161 1547 Katherine
2190 1515 2222 1546 in

357 1579 540 1613 Oloniuucz
576 1582 605 1612 ln
637 1582 851 1625 possessione
881 1577 1085 1623 percipiendi
1123 1575 1262 1619 singulis
1301 1578 1396 1609 aunis
1426 1578 1572 1621 quinque
1603 1587 1734 1610 marcas
1772 1586 1970 1620 grossorum
2002 1574 2221 1619 Pragensium

356 1639 518 1673 Moraviei
551 1643 679 1673 numeri
709 1644 739 1673 et
769 1641 961 1685 pagamcnti
991 1640 1091 1671 annui
1121 1647 1243 1670 census
1273 1639 1426 1681 perpetui
1456 1636 1559 1670 fuisse
1589 1648 1628 1669 ac
1658 1639 1853 1682 percepisse
1883 1636 1923 1669 (le
1945 1640 1977 1668 et
1997 1645 2098 1680 super
2127 1633 2221 1667 bonis

357 1704 387 1733 in
417 1701 551 1734 t‘onicz.
584 1704 737 1746 ipsasque
769 1703 964 1746 priorissam
995 1703 1023 1732 et
1047 1701 1249 1731 conventum
1280 1697 1418 1742 predicti
1450 1700 1645 1731 monasterii
1675 1700 1807 1735 iniuste,
1838 1696 1983 1730 indebite
2009 1700 2042 1728 et
2074 1695 2114 1728 de
2135 1694 2222 1727 facto

356 1763 443 1795 dieto
473 1773 582 1795 annuo
621 1773 724 1795 censu
754 1764 898 1806 quinque
937 1769 1127 1793 marearum
1156 1768 1354 1802 grossorum
1393 1768 1453 1803 per
1482 1757 1627 1791 nobilem
1657 1761 1766 1792 virum
1806 1758 1972 1791 dominum
2003 1755 2222 1789 Mathussium

356 1823 396 1855 de
418 1822 586 1867 Czinburg
615 1824 696 1856 alias
726 1823 766 1855 de
789 1823 912 1855 t'onicz
925 1819 951 1867 1”“)
982 1820 1085 1854 fuisse
1116 1823 1147 1853 et
1170 1830 1246 1852 esse
1267 1818 1438 1863 spoliatas,
1469 1818 1642 1864 dictasque
1672 1822 1868 1865 priorissam
1899 1823 1931 1851 et
1952 1821 2154 1851 conventum
2185 1815 2225 1849 ad

356 1883 594 1916 restituemlum
625 1888 657 1916 et
687 1882 960 1926 reintegrandum
982 1892 1022 1914 ac
1042 1882 1247 1913 restituimus
1267 1883 1299 1911 et
1320 1881 1606 1926 reiiitegraiiiiis'')
1635 1881 1674 1913 ad
1696 1883 1945 1926 possessionem
1967 1883 1999 1911 et
2021 1879 2224 1923 percepcio-

356 1954 430 1976 uem
470 1944 544 1977 dieti
584 1947 684 1978 annui
721 1955 843 1977 census
883 1946 1029 1988 quinque
1069 1951 1256 1974 unu-earnm
1286 1950 1496 1984 grossorum.
1534 1941 1766 1986 prefatumque
1805 1941 1973 1974 domiuum
2004 1937 2223 1971 Mathussium

357 2005 397 2037 ad
435 2005 589 2039 (landum.
628 2005 869 2039 restituendum
912 2009 944 2037 et.
980 2002 1179 2037 solvendum
1218 2000 1406 2034 huiusmodi
1444 2012 1581 2034 censum
1622 2004 1767 2046 quinque
1807 2011 1993 2034 marcarum
2024 2008 2222 2043 grossorum

356 2068 450 2098 aunis
480 2067 618 2110 singulis
656 2069 687 2099 in
718 2068 867 2099 terminis
896 2064 984 2098 solvi
1021 2064 1192 2097 consuetis
1229 2061 1371 2106 prefatis
1401 2063 1563 2106 priorisse
1602 2067 1633 2095 et
1663 2064 1845 2095 conventui
1876 2062 2069 2094 monasterii
2108 2062 2224 2092 sancte

358 2126 540 2160 liutheriue
570 2139 608 2160 ac
638 2130 743 2160 eciam
773 2127 812 2159 ad
844 2136 981 2159 censum
1021 2135 1081 2170 per
1112 2126 1217 2168 ipsum
1247 2125 1411 2155 retentum
1443 2121 1516 2155 sore
1555 2127 1587 2155 et
1616 2133 1692 2156 esse
1722 2121 2035 2167 comlenipnaudum
2075 2123 2107 2152 et
2136 2129 2224 2152 con—

357 2186 594 2232 dempnamus:
625 2198 796 2233 expensas
825 2187 890 2220 litis
911 2196 1026 2219 coram
1057 2183 1152 2217 nobis
1190 2183 1339 2227 legitime
1370 2182 1474 2216 factas
1504 2195 1547 2216 ex
1569 2187 1679 2217 causis
1709 2186 1852 2216 animum
1881 2187 2028 2216 nostrum
2051 2182 2224 2214 moventi-

357 2248 416 2281 bns
446 2248 669 2282 obmittentes.
701 2248 778 2281 Lata
809 2252 840 2280 et
862 2248 946 2280 lecta
977 2250 1027 2279 est
1057 2245 1120 2279 hec
1150 2245 1321 2277 sentencia
1352 2242 1526 2277 diffinitiva
1556 2255 1616 2289 per
1646 2255 1706 2286 nos
1736 2243 1930 2277 Sulicouein
1960 2243 2158 2275 canonicum
2189 2243 2221 2272 et

357 2308 534 2341 officialem
565 2308 790 2354 supradictum
822 2311 851 2341 iu
883 2309 1085 2341 consistorio
1115 2309 1230 2338 nostro
1249 2303 1477 2341 olomucensi,
1509 2315 1596 2337 anno
1627 2305 1748 2338 domini
1782 2304 1955 2337 millesimo
1985 2301 2223 2347 quadringen—

357 2372 475 2402 tesiino
514 2381 613 2403 nono.
653 2369 705 2402 (lie
743 2369 890 2403 secunda
930 2370 1055 2401 niensis
1093 2364 1305 2411 septembris7
1344 2365 1555 2409 presentibus
1595 2367 1848 2410 circumspectis
1887 2368 1920 2397 et
1956 2363 2110 2397 discretis
2139 2363 2220 2395 viris

358 2432 525 2473 magistris·
563 2430 705 2463 ,tlartiuo
744 2430 785 2462 de
824 2428 992 2470 anssin„
1031 2426 1132 2460 Paulo
1172 2426 1212 2459 de
1251 2425 1356 2458 l'iwin
1399 2429 1431 2457 et
1469 2424 1577 2458 Cruce
1625 2425 1665 2459 de
1704 2424 1896 2458 Bawaraw.
1947 2420 2220 2469 procuratoribus

514 2579 526 2592 :1
569 2569 646 2595 ‹uh-r.
673 2570 718 2593 lizit
745 2569 822 2594 titos>-
846 2568 987 2598 „mentis”
1007 2577 1050 2592 :im
1069 2567 1180 2600 Beginn
1198 2566 1276 2591 einer
1300 2565 1393 2597 Z‹›il‹›;
1418 2565 1492 2590 belin
1517 2565 1675 2599 l'bergang
1698 2573 1753 2589 von
1779 2565 1857 2589 einer
1882 2563 1958 2589 Zoilo
1983 2571 2033 2587 zur
2058 2561 2164 2586 andern
2188 2561 2225 2586 ist

362 2621 446 2645 doeu-
471 2620 539 2645 oder
564 2621 708 2645 winih-iem
741 2630 836 2645 inonu-
862 2629 1015 2651 vergessen
1041 2619 1167 2645 worden.
1278 2618 1310 2645 bi
1336 2627 1366 2643 so
1392 2618 1427 2642 im
1453 2617 1542 2651 (brigg.⁷
1567 2620 1648 2642 sonst
1672 2620 1758 2641 stets:
1783 2617 1816 2641 {le
1843 2615 1992 2641 sti-azuiez
2096 2617 2124 2651 “ll
2150 2612 2222 2638 :luch

359 2673 419 2697 hier
443 2672 553 2697 >clu-in:
579 2682 639 2697 luni
668 2673 822 2697 ininrle>teu
849 2673 894 2697 di·-
920 2671 1124 2696 (musti-nerim
1151 2672 1199 2695 iles
1225 2670 1324 2695 Sutzes
1349 2669 1515 2697 felilerliaft.
1541 2669 1608 2694 oder
1633 2678 1663 2694 es
1687 2669 1749 2693 siud
1777 2669 1876 2693 XVorte
1901 2667 2081 2699 nume-fallen
