2358 3105
1076 183 1096 215 3

157 289 298 323 Alberto
328 289 368 322 de
394 288 585 332 Uzimburg„
608 288 705 321 Petro
727 287 767 321 de
788 286 950 321 Crawarn
973 286 1054 319 alias
1085 286 1125 319 de
1146 285 1344 330 Straznycz7
1367 285 1509 319 Alberto
1539 285 1579 317 de
1602 285 1728 318 Lukow
1749 286 1828 318 alias
1859 286 1898 319 dc
1918 286 2014 331 Zlyn.

156 354 188 383 et
217 350 290 383 aliis
320 348 469 395 pluribus
498 348 663 382 nobilibus
692 353 724 381 et
753 347 933 381 baronibus
972 351 1061 380 terre
1090 345 1253 379 Morauie.
1302 346 1446 389 (Ful-qen
1476 346 1530 379 die
1562 345 1817 389 Eiulragsemgseu
1850 346 1909 378 Ni:
1941 347 2014 378 335

157 410 208 443 bis
239 410 322 443 727.

326 414 342 450 )
467 462 546 487 Nach
566 462 627 486 (leni
655 461 767 486 Druck:
795 460 867 491 „Die
887 460 1040 485 Laudtafel
1059 460 1107 485 des
1125 459 1388 493 Markgrafthumws·
1406 459 1557 493 Mithrem-y
1584 459 1643 491 brg,
1664 468 1717 484 von
1738 460 1767 485 l'.
1786 468 1812 486 v,
1831 459 2017 493 (r'liluniecky.

568 514 629 540 dos,
656 513 764 547 (¹liytil‚
789 513 856 537 (rai-1
884 512 1015 540 limmoth.
1042 512 1076 539 Α,
1102 512 1136 537 R.
1155 521 1181 538 v.
1197 511 1375 538 Wolfskron.
1401 512 1547 535 ‘'lniiitzvr
1571 511 1660 537 (buln.
1687 511 1714 539 S,
1740 511 1811 536 272.

1067 657 1108 692 4.

769 735 1011 779 li'orlzeubury.
1043 735 1101 768 14.
1132 735 1269 768 Jauum·
1302 734 1409 769 1408.

311 800 396 854 Die
434 820 591 865 Herzoge
630 819 774 865 Leopold
819 819 883 852 und
916 818 1017 852 Ernst
1056 829 1122 851 von
1161 811 1355 851 Osterreicli
1391 817 1586 851 versobnen
1629 816 1700 850 sich
1744 819 1800 850 mit
1843 816 2014 850 einander.

158 880 341 914 verzeihen
371 880 468 918 alten,
497 879 632 914 welche
660 891 719 913 zur
739 880 966 925 Gegenpartei
988 879 1153 924 gehorten
1175 878 1239 912 und
1260 878 1386 912 wollen
1407 877 1701 922 beratbscblagen.
1730 880 1798 911 wie
1819 877 1871 910 die
1893 876 2017 910 Schuld

157 952 198 975 an
228 941 291 975 den
319 940 537 985 Markgrafen
567 940 640 974 Jost
669 939 847 984 moglichst
876 939 949 973 bald
980 939 1092 973 konne
1121 938 1329 983 abgetragen
1360 938 1510 972 werden.

467 1012 561 1036 Franz
590 1011 679 1041 Kurz,
712 1002 871 1036 Osterreicb
900 1013 983 1035 unter
1010 1010 1046 1036 K.
1073 1009 1211 1035 Albrecht
1239 1010 1302 1035 dem
1327 1009 1472 1043 Zweyten.
1501 1009 1550 1035 lid.
1577 1009 1598 1034 1.
1625 1008 1652 1036 S,
1679 1009 1749 1039 289,
1776 1008 1847 1036 neit.
1871 1008 1922 1035 ΝΥ.
1948 1008 2017 1034 XII.

1065 1156 1107 1190 5.

160 1225 229 1259 Die
257 1225 722 1269 Auyustiner—Chorleerren
752 1236 816 1258 con
846 1224 1036 1268 Stel-uberq
1065 1225 1251 1258 sehliessen
1281 1226 1339 1257 mit
1367 1225 1429 1257 deu
1462 1223 1923 1267 Anqustiuer-clim-herren
1955 1234 2017 1255 con

542 1285 745 1318 Landslrron
778 1285 1065 1330 Conflaleruitcit.
1098 1306 1142 1309 —
1175 1284 1233 1318 Dt.
1265 1285 1299 1318 2.
1331 1284 1488 1317 Februar-
1519 1283 1628 1317 1408.

312 1347 358 1402 ln
386 1371 520 1402 nomine
550 1368 673 1401 domini
703 1379 810 1401 anien.
856 1368 1019 1409 Quoniam
1048 1368 1233 1401 secundum
1263 1367 1446 1412 apostolum
1477 1377 1593 1399 omnes
1623 1377 1722 1399 unum
1753 1377 1875 1411 corpus
1904 1376 2017 1399 sumus

158 1433 189 1463 in
220 1428 365 1472 Christo.
396 1429 556 1463 debemus
585 1428 736 1462 karitatis
765 1428 922 1474 operibus
952 1428 1126 1462 ferventer
1158 1428 1344 1470 intendere.
1374 1439 1415 1460 ne
1444 1427 1635 1461 scindamur
1663 1427 1704 1460 ab
1734 1427 1829 1460 buius
1868 1429 2019 1472 corporis

158 1492 293 1532 unitate,
332 1501 396 1535 que
435 1492 540 1523 eciam
589 1493 695 1534 magis
742 1500 801 1535 pro
848 1489 911 1523 illis
949 1489 1049 1522 fuerit
1090 1488 1336 1534 necessaria³)‚
1373 1491 1426 1533 qui
1464 1491 1527 1521 iam
1569 1492 1664 1521 extra
1704 1488 1853 1521 merendi
1899 1491 2017 1520 statum

158 1553 255 1596 positi
286 1553 533 1584 transeuncium
572 1561 730 1595 penarum
762 1549 946 1583 subduntur
975 1552 1091 1594 rigori.
1127 1548 1271 1583 Provide
1301 1560 1384 1593 ergo
1413 1548 1508 1582 nobis
1537 1548 1632 1581 fratri
1661 1548 1817 1582 Floriano
1847 1550 2017 1593 preposito

159 1614 351 1645 monasterii
394 1616 509 1644 sancte
556 1610 662 1644 Marie
704 1613 735 1644 in
774 1610 962 1654 Sternberg
1000 1613 1238 1644 canonicorum
1280 1610 1484 1654 regularium
1532 1609 1658 1643 ordinis
1696 1608 1782 1642 beati
1824 1610 2016 1653 Augustini,

158 1672 392 1706 Olomucensis
421 1672 576 1714 diocesis,
607 1676 637 1705 et
659 1670 816 1705 fratribus
846 1674 968 1705 nostris
997 1671 1075 1704 utile
1105 1675 1136 1704 et
1165 1670 1298 1705 salubre
1319 1673 1426 1704 visum
1457 1669 1526 1709 suit„
1556 1670 1642 1714 quod
1673 1680 1733 1714 pro
1753 1672 1857 1702 nostri
1886 1679 2018 1702 necnon

158 1732 447 1767 Lanczkronensis
490 1735 769 1766 monasteriorum
814 1735 1048 1777 preteritorum
1079 1736 1111 1765 et
1139 1731 1323 1765 futurorum
1336 1729 1368 1777 1’)
1412 1729 1569 1764 fratribus
1608 1729 1772 1763 defunctis
1801 1729 1958 1773 suffragia
1988 1731 2019 1761 in

158 1797 281 1836 missis‚
319 1794 454 1839 psalmis
491 1798 523 1826 et
552 1793 765 1827 oracionibus
793 1796 917 1827 sanctis
947 1792 1076 1835 fierent,
1112 1796 1274 1837 quatenus
1312 1792 1410 1825 iidem
1442 1791 1562 1824 fratres
1604 1793 1718 1835 gracia
1757 1790 1808 1823 dei
1838 1790 2017 1835 opitulante

158 1855 198 1888 ad
227 1857 319 1888 curie
349 1855 482 1889 celestis
510 1854 631 1898 gaudia
661 1854 804 1887 celerius
833 1857 1062 1899 pervenirent.
1092 1853 1143 1886 De
1164 1853 1303 1886 fratrum
1331 1855 1443 1897 itaque
1473 1856 1664 1885 nostrorum
1699 1862 1831 1884 necnon
1859 1853 2018 1896 prepositi

157 1918 379 1961 prenominati
408 1919 441 1948 et
469 1920 657 1949 conventus
696 1918 797 1960 ipsius
826 1926 993 1948 consensu
1022 1917 1054 1947 in
1084 1914 1218 1947 domino
1247 1916 1333 1947 inter
1362 1924 1423 1946 nos
1456 1912 1663 1945 fraternitate
1693 1916 1864 1945 contracta
1894 1911 2018 1944 decre—

157 1979 279 2009 vimus.
318 1980 352 2009 ut
380 1975 492 2009 fratris
530 1975 673 2022 professi
702 1978 799 2009 unius
827 1975 883 2008 vel
921 1975 1060 2021 plurium
1091 1977 1196 2008 nostri
1233 1977 1306 2008 sive
1335 1974 1475 2019 predicti
1514 1976 1544 2006 in
1576 1972 1793 2006 Lanczkrona
1825 1975 2017 2006 monasterii

159 2038 211 2070 die
241 2036 348 2070 obitus
387 2039 546 2079 intimato,
585 2039 688 2082 ipsius
717 2036 771 2069 vel
801 2038 948 2080 ipsorum
987 2038 1019 2068 in
1048 2034 1242 2069 kalendario
1281 2034 1470 2069 nominibus
1498 2037 1641 2078 scriptis
1674 2034 1808 2079 psalmis
1847 2035 2016 2067 consuetis

159 2098 305 2131 scilicet:
338 2097 473 2142 „Verba
503 2108 577 2131 mea
607 2097 696 2130 etcf‘
728 2100 760 2130 in
789 2096 932 2141 capitulo
970 2101 1003 2129 et
1031 2096 1157 2140 vigiliis
1187 2095 1368 2129 maioribus
1404 2095 1510 2137 lectis,
1540 2098 1572 2128 in
1602 2095 1707 2128 choro
1738 2097 1836 2128 missa
1875 2093 2020 2127 defunc-

159 2163 266 2192 iorum
297 2163 544 2203 consequenter
571 2169 631 2204 pro
653 2161 756 2204 ipsius
784 2168 843 2191 seu
872 2160 1020 2202 ipsorum
1049 2155 1221 2190 animabus
1250 2160 1413 2190 cantetur.
1431 2159 1482 2189 cui
1513 2155 1553 2188 ad
1580 2155 1923 2190 commendacionem.
1955 2165 2018 2198 que

159 2223 264 2264 ipsam
284 2223 454 2264 sequetur,
475 2218 596 2252 fratres
613 2222 777 2252 interesse
799 2218 919 2252 debent
939 2216 1134 2250 racionabili
1155 2227 1256 2250 causa
1277 2220 1440 2251 cessante.
1465 2215 1609 2257 Quilibet
1629 2219 1735 2249 eciam
1756 2214 2017 2260 presbiterorum

159 2280 250 2324 leget
292 2284 419 2325 septem
450 2282 579 2316 missas*
623 2279 795 2324 dyacones
836 2288 933 2321 vero,
981 2277 1217 2322 subdyacones
1255 2282 1286 2310 et
1322 2277 1431 2310 acoliti
1470 2264 1530 2321 per
1566 2275 1644 2309 Vullu
1678 2276 1871 2321 psalterium
1911 2275 2019 2307 dicent

161 2345 193 2374 et
221 2339 343 2373 fratres
372 2342 529 2373 conversi
559 2344 691 2373 centum
721 2341 899 2372 oraciones
929 2339 1112 2372 dominicas
1150 2349 1224 2371 cum
1254 2337 1389 2371 totidem
1419 2334 1497 2370 Ave
1526 2336 1631 2370 Maria
1661 2336 1852 2382 explebunt.
1901 2335 1936 2368 In
1968 2335 2019 2368 die

160 2405 270 2434 autem
299 2403 544 2444 anniversariQ
575 2411 672 2445 quem
694 2399 798 2433 semel
827 2402 858 2432 in
879 2410 966 2433 anno
987 2401 1114 2432 cunctis
1135 2397 1294 2432 fratribus
1319 2401 1351 2431 in
1370 2408 1470 2430 unum
1492 2397 1599 2430 locum
1630 2399 1822 2442 compositis
1843 2395 2020 2429 observari

161 2461 388 2503 decrevimus,
422 2460 537 2505 vigilie
576 2463 735 2502 minores,
774 2460 914 2506 predicti
949 2459 1065 2504 psalmi
1104 2463 1136 2492 et
1172 2469 1236 2492 una
1276 2461 1375 2492 missa
1414 2457 1475 2491 sub
1505 2462 1580 2491 nota
1617 2460 1690 2491 sive
1724 2456 2020 2490 commendacione

160 2521 370 2555 tenebuntur.
419 2520 550 2565 Singuli
586 2525 695 2554 autem
732 2519 908 2566 presbiteri
947 2520 1064 2553 eodem
1104 2519 1156 2552 die
1184 2519 1241 2552 vel
1276 2518 1354 2561 alio,
1393 2529 1458 2563 quo
1492 2519 1521 2551 id
1553 2518 1623 2551 fieri
1661 2519 1793 2562 poterit.
1827 2528 1887 2562 per
1922 2527 2020 2549 unam

162 2585 298 2616 missam
327 2581 507 2627 explebunt
535 2586 568 2615 et
588 2584 641 2626 qui
667 2580 832 2626 presbiter
860 2591 926 2614 non
955 2585 1016 2614 est.
1047 2582 1284 2624 quinquaginta
1314 2579 1460 2624 psalmos
1480 2579 1591 2623 legat:
1621 2581 1673 2623 qui
1695 2582 1804 2610 autem
1826 2577 2017 2622 psalterium

317 2660 345 2694 a)
369 2659 466 2693 Orig.:
491 2660 651 2686 necessario
698 2657 730 2695 b)
755 2659 829 2685 wohl
854 2659 1032 2684 irrtliiimlicb
1059 2658 1104 2683 fiii·
1131 2658 1293 2695 „preteritis
1317 2662 1345 2683 et
1368 2655 1490 2683 futuris‘·'

1886 2713 1917 2737 l*
