2358 3105
1251 185 1296 217 515

341 300 368 328 et
402 299 546 329 umrtiris
578 298 606 328 in
629 295 774 327 eeclesia
805 298 918 327 sum-te
941 293 1044 327 Marii·
1067 295 1095 325 iu
1121 291 1265 324 lludezss
1296 290 1335 322 de
1357 297 1523 321 consensu
1555 289 1583 318 et
1606 285 1778 318 voluntate
1805 284 1984 318 reverendi
2016 286 2045 316 ia
2067 282 2202 316 Christo

342 360 443 402 patris
465 361 492 389 et
517 356 637 389 douimi
661 356 781 388 dommi
805 354 948 387 t'ouradi
979 354 1030 386 dei
1052 356 1165 390 gracia
1189 354 1336 396 episcopi
1359 349 1606 381 (llomncensis.
1637 346 1820 379 accedente
1841 345 1879 378 ad
1904 345 1966 378 lior
1998 343 2204 377 honorabilis

342 421 404 450 viri
435 418 556 450 domini
587 416 749 449 joliannis
780 417 920 448 rectoris
952 412 1170 459 parrochialis
1200 411 1344 443 ecelesia·
1375 412 1404 441 iu
1437 408 1583 441 lludczss
1608 418 1774 440 consensu
1805 409 1929 451 pariter
1958 411 1991 438 et
2021 406 2205 441 voluntate.

342 479 528 512 l'umlaums.
551 480 820 510 t'·»ti.<lt·tlxltntt.<⁴¹
840 503 847 509 .
870 476 1060 508 ordinamus
1083 478 1110 504 et
1135 473 1286 504 dotamus
1307 481 1380 502 eum
1403 471 1526 502 uostris·
1547 470 1648 500 eei-iis
1671 466 1764 500 bottis
1786 471 1816 499 et
1840 469 2025 512 pet-cuniis:
2049 465 2204 499 videlicet

344 552 408 574 imo
439 541 534 573 laneo
566 538 670 572 libero
699 541 761 570 sito
793 548 894 582 penes
925 540 1048 568 eui-iam
1081 532 1209 578 plebani
1246 535 1275 564 iu
1306 530 1428 568 angulo
1468 532 1497 562 iu
1528 528 1604 562 vitta
1637 527 1784 561 l3udezss
1823 538 1896 560 cum
1927 529 2018 569 agris
2047 527 2144 559 cultis
2175 530 2206 558 et

343 602 473 634 int-ultis
512 605 541 632 et
579 611 652 632 eum
682 597 834 631 omuibus
865 595 1055 629 utilitatibus
1094 598 1123 626 et
1154 591 1431 626 oliveueiouilms.
1465 601 1538 623 eum
1569 592 1657 622 omui
1689 592 1759 622 iure
1798 593 1829 621 et
1861 589 1957 634 pleno
1991 588 2137 621 dominio
2168 598 2207 619 ac

344 666 547 708 proprietate
587 660 624 692 ad
665 660 784 691 dietum
818 659 945 690 laneum
977 654 1216 700 spectantibus.
1249 657 1281 686 et.
1309 663 1410 697 super
1448 662 1513 684 uno
1552 650 1741 683 molendino
1779 661 1878 696 supra
1914 652 2098 695 pomerium
2130 648 2206 680 dicti

343 723 473 768 plebani
505 727 566 754 sito
599 721 716 753 ibidem
749 731 777 752 ιιι
803 719 947 751 liudems
975 715 1082 749 XN'lll
1104 726 1245 759 grossos
1274 716 1372 746 annui
1403 723 1524 745 census
1553 722 1626 744 cum
1662 710 1799 745 robotis.
1831 722 1904 743 eum
1927 711 2026 755 pleno
2048 709 2206 746 dominio,

343 789 372 816 et
412 787 441 816 ιιι
473 783 547 815 villa
580 782 728 823 (nelina
762 780 876 812 Maiori
907 788 1008 823 super
1046 781 1121 809 octo
1161 777 1266 809 laneis
1295 784 1453 816 agrorum
1493 776 1635 816 quatuor
1673 782 1865 815 sexagenas
1894 781 2091 813 grossorum
2133 780 2206 802 cum

346 844 453 879 XN'lll
486 846 615 881 «grossis
647 844 794 886 perpetui
830 850 950 872 census
980 840 1074 871 amus
1104 836 1243 879 singulis
1274 838 1303 868 ιιι
1325 835 1476 867 terminis
1501 832 1655 865 videlicet
1688 831 1862 864 beatorum
1894 830 2031 875 Georgii
2063 833 2208 864 martiris

345 910 374 938 et
408 904 581 937 Michaelis
621 901 813 937 areliauffeli
854 900 946 932 lesus
985 898 1118 931 indilate
1157 895 1310 930 solvendi
1349 899 1379 927 et
1420 893 1580 926 reddendi
1616 897 1644 925 et
1677 892 1888 938 presentibus
1926 892 2208 933 demonstramus„

345 968 432 999 omui
465 964 580 997 fraude
610 967 638 994 et
671 962 747 994 dolo
780 960 995 1005 proeulmotis
1024 963 1057 991 ut
1088 957 1256 1003 prefertur
1285 966 1359 989 cum
1391 954 1487 1000 pleno
1519 956 1589 987 iure
1619 957 1651 986 et
1680 953 1838 996 «tunninio,
1869 964 1942 986 cum
1974 952 2082 998 pullis„
2121 954 2208 990 ovis„

346 1026 597 1071 quilmscimque
628 1021 822 1055 bonoribus.
855 1019 990 1053 rubetis.
1021 1020 1125 1056 silvis,
1157 1016 1362 1051 nemoribus.
1406 1018 1520 1061 pratis
1552 1017 1695 1060 pascuis,
1727 1017 1818 1048 rivis.
1851 1013 2084 1060 proventibus‚
2114 1013 2209 1046 utili-

348 1086 467 1120 tatibus
497 1090 525 1117 et
557 1082 822 1116 ‹iliveueiouilms
852 1083 1020 1114 universis
1049 1080 1088 1112 ad
1120 1078 1268 1124 prefatos
1298 1082 1373 1110 octo
1405 1077 1519 1109 laneos
1549 1075 1786 1121 spectantibus„
1826 1079 1924 1120 prout
1952 1085 2013 1108 nos
2044 1079 2076 1108 et
2104 1076 2210 1107 nostri

347 1148 490 1182 heredes
522 1146 691 1189 lmeusque
730 1147 903 1176 tenuerunt
944 1146 976 1174 et
1005 1140 1202 1175 babuerunt.
1242 1138 1341 1172 nichil
1381 1147 1518 1182 prorsus
1549 1135 1643 1169 nobis
1673 1138 1752 1169 iuris
1790 1140 1823 1168 et
1852 1136 1988 1169 dominii
2028 1139 2059 1168 et
2088 1137 2211 1168 nostris

349 1207 528 1242 heredibus
559 1206 678 1239 ibidem
709 1203 930 1241 reservando„
969 1207 1082 1248 preter
1111 1206 1256 1235 stem-am
1288 1198 1436 1243 regalem
1477 1201 1508 1229 et.
1537 1201 1677 1241 quatuor
1706 1196 1810 1241 culpis
1848 1197 1886 1229 ad
1918 1196 2024 1230 sorum
2056 1195 2210 1229 seculare

348 1267 647 1315 pertinentibuszt.
688 1265 841 1298 widi-ticet
875 1264 961 1301 t'urti,
993 1262 1173 1299 homicidii„
1204 1261 1346 1294 incendii
1377 1263 1408 1291 et
1436 1260 1553 1303 stupri,
1583 1268 1646 1302 que
1676 1257 1714 1290 ad
1746 1268 1807 1291 nos
1837 1261 2038 1302 nostrosque
2067 1255 2212 1290 heredes

349 1331 518 1375 perpetuis
549 1326 752 1372 temporibus
782 1325 904 1358 debent
942 1329 974 1357 et
1012 1327 1166 1357 tenentur
1195 1324 1383 1367 pertinere:
1422 1322 1463 1352 ita
1494 1323 1604 1351 tamen
1643 1318 1743 1363 quod,
1782 1321 1808 1352 si
1839 1318 1957 1363 aliquis
1996 1328 2039 1350 ex
2075 1316 2212 1363 prefatis

350 1388 537 1423 bominibus
568 1391 597 1420 ιιι
620 1387 762 1431 aliquam
785 1386 914 1431 eulpam
936 1385 1088 1418 inciderit
1119 1383 1159 1416 de
1180 1381 1320 1427 prefatis
1340 1381 1456 1426 culpis.
1487 1383 1564 1412 tuuc
1584 1370 1644 1412 nos
1665 1381 1836 1424 nostrique
1866 1378 2009 1412 liei-edes
2030 1377 2212 1411 emendare

350 1449 546 1484 habt-binius
576 1448 783 1481 solummodo
813 1447 852 1480 ad
882 1449 970 1479 vitas
999 1456 1128 1479 eorum.
1159 1442 1372 1488 cappellanus
1407 1451 1490 1474 vero
1520 1443 1574 1485 qui
1604 1450 1665 1485 pro
1695 1444 1771 1473 tunc
1801 1439 1900 1473 suerit
1929 1444 1961 1472 et
1989 1442 2038 1473 sui
2068 1449 2214 1473 succes-

351 1522 447 1545 sores
479 1508 644 1542 liabeliuut
676 1508 850 1541 emendam
881 1506 921 1540 ad
952 1506 1037 1539 bona
1068 1504 1273 1550 prefatorum
1304 1503 1486 1544 hominum7
1515 1504 1631 1547 previa
1662 1506 1771 1534 tamen
1801 1501 2050 1534 moderacione.
2087 1498 2214 1541 Quibus

351 1571 446 1605 bouis
476 1575 505 1602 et
537 1572 651 1602 censui
682 1569 820 1614 prefatis
851 1568 1001 1601 addimus
1031 1569 1092 1599 tria
1122 1564 1283 1610 quartalia
1306 1566 1404 1597 vinee
1434 1561 1493 1596 sub
1516 1562 1591 1596 villa
1631 1562 1792 1595 Scliataw
1821 1562 1860 1595 ad
1884 1562 1995 1595 villam
2026 1558 2217 1594 Unserdorf

350 1634 541 1678 spectant-ia
580 1634 652 1675 post
692 1633 832 1663 mortem
872 1628 995 1662 domiui
1024 1626 1188 1660 ,lobannis
1226 1624 1358 1670 plebani
1396 1626 1427 1657 in
1458 1623 1606 1657 Budczss
1645 1625 1748 1656 nostri
1786 1625 1949 1656 carissimi
1981 1622 2104 1655 fratris.
2145 1620 2213 1654 Has

352 1698 459 1726 alitem
499 1696 639 1736 (piatum-
676 1701 869 1734 sexagenas
906 1699 1103 1734 grossorum
1143 1698 1216 1720 cum
1246 1685 1357 1719 xwtl
1387 1687 1516 1729 grossis
1554 1694 1674 1717 census
1713 1688 1744 1716 et
1782 1684 1912 1716 laneum
1952 1694 1991 1716 ac
2033 1681 2214 1728 predictam

355 1758 484 1788 vineam
507 1752 675 1798 predictus
706 1752 857 1784 domiuus
878 1749 1020 1784 Matliias
1042 1753 1157 1782 noster
1177 1746 1392 1792 cappellanus
1413 1757 1430 1778 a
1452 1744 1548 1778 uobis
1569 1749 1601 1777 et
1622 1747 1746 1778 uostris
1768 1744 1946 1778 heredibus
1967 1741 2216 1789 presentandus

352 1820 384 1849 et
412 1825 499 1848 nuuc
538 1812 747 1859 presentibus
785 1816 995 1858 presentatus
1034 1809 1132 1843 debet
1170 1808 1295 1842 habere
1334 1818 1393 1852 pro
1431 1809 1536 1852 prima
1567 1808 1642 1840 vice
1681 1805 1852 1838 dumtaxat.
1889 1809 1921 1839 et
1955 1804 2117 1850 deinceps
2157 1814 2218 1849 per

352 1875 527 1922 plebanum
559 1877 587 1907 ιιι
608 1874 765 1912 lludezss,
795 1873 898 1906 altera
920 1875 996 1906 vice
1026 1876 1058 1904 et
1079 1871 1209 1904 demum
1240 1872 1359 1902 iterum
1389 1867 1429 1901 ad
1451 1877 1512 1900 uos
1541 1871 1574 1899 ct
1594 1871 1729 1900 nostros
1757 1870 1913 1911 posteros
1942 1870 1975 1899 ct
1994 1874 2215 1899 successores

353 1942 383 1971 et
421 1936 644 1981 supradietmu
675 1934 851 1980 plebanum
891 1938 922 1967 et
960 1933 998 1966 ad
1030 1943 1109 1966 suos
1142 1940 1360 1965 successores
1391 1927 1697 1961 vicissitudinaliter
1734 1929 1805 1960 sine
1844 1929 1931 1960 omui
1970 1925 2154 1971 preiudicio
2183 1928 2217 1956 et

353 1998 589 2044 impedimento
632 1998 800 2041 perpetuis
844 1994 1047 2040 temporibus
1090 1996 1152 2026 rite
1199 1996 1231 2025 et
1269 1989 1479 2023 laudabiliter
1520 1991 1689 2034 pertinere
1732 1990 1944 2033 presencium
1987 1985 2048 2020 sub
2087 1989 2217 2018 tenore.

355 2059 480 2103 Illoque
510 2056 721 2102 cappellanus
761 2067 820 2089 seu
850 2055 997 2088 allai-ista
1029 2053 1169 2097 siugulis
1198 2053 1392 2097 septimanis
1430 2053 1462 2083 in
1492 2052 1563 2095 ipso
1593 2049 1687 2082 altari
1725 2053 1840 2082 sancte
1869 2046 2044 2081 Dorothee
2073 2048 2219 2091 quinque

355 2123 473 2154 missas
504 2117 598 2151 debet
621 2122 651 2150 et
681 2116 847 2150 tenebitur
868 2116 1054 2153 celebrareq
1086 2114 1168 2147 duas
1198 2116 1317 2146 missas
1347 2112 1387 2145 de
1417 2111 1512 2144 beata
1536 2110 1689 2154 Virgine„
1720 2109 1802 2143 duas
1822 2112 1941 2143 missas
1970 2118 2030 2153 pro
2052 2106 2220 2140 defunctis

355 2185 387 2215 et¹
416 2191 512 2213 unam
547 2182 679 2212 missam
711 2179 750 2211 de
772 2182 885 2211 sancta
906 2176 1102 2217 Katheriua,
1132 2177 1193 2208 nisi
1214 2174 1335 2207 festum
1361 2172 1534 2217 solempne
1564 2171 1721 2216 inpediat,
1752 2175 1829 2203 tunc
1849 2169 1920 2202 aliis
1951 2168 2068 2202 diebus
2090 2166 2222 2213 supplet

355 2244 427 2276 sine
458 2242 703 2273 intermissione
725 2241 893 2284 perpetuis
915 2236 1118 2282 temporibus
1138 2235 1265 2280 absque
1287 2233 1468 2279 preiudicio
1490 2232 1635 2266 ecclesie
1656 2236 1688 2265 ct
1706 2230 1849 2277 plebani.
1882 2230 1917 2263 Si
1939 2234 2047 2262 autem
2076 2227 2220 2274 cappel-

356 2303 451 2335 lanus
481 2300 606 2344 absque
637 2302 837 2333 necessitate
866 2297 1051 2332 inevitabili
1081 2301 1113 2330 et
1142 2307 1242 2329 causa
1272 2295 1419 2339 legitima
1450 2294 1592 2338 aliquam
1622 2292 1783 2325 dictarum
1813 2293 1988 2325 missarum
2015 2289 2219 2334 neglexerit,

357 2365 649 2408 quocienscumpie
689 2361 752 2394 hoc
791 2360 920 2403 fecerit,
964 2361 1093 2392 tociens
1130 2367 1190 2403 pro
1229 2355 1465 2389 satisfaccione
1502 2358 1628 2399 septem
1658 2352 1864 2386 Wienenses
1904 2351 2040 2384 indilate
2078 2349 2222 2395 plebano

357 2421 522 2456 tenebitur
550 2425 735 2464 assignare,
767 2432 850 2466 quos
879 2423 985 2454 eciam
1016 2420 1172 2452 denarios
1201 2420 1272 2463 ipse
1301 2415 1461 2462 plebanus
1491 2412 1764 2448 irremissibiliter
1793 2412 1927 2446 debebit
1955 2414 2112 2457 recipere
2141 2411 2222 2443 evi-

357 2484 512 2527 dentique
543 2484 731 2514 testimonio
768 2492 833 2514 uon
863 2484 930 2514 suis
960 2479 1174 2526 cappellanis‚
1204 2488 1322 2511 verum
1354 2474 1553 2521 pauperibus
1582 2474 1643 2508 sibi
1673 2474 1713 2507 dc
1743 2473 1868 2506 eisdem
1899 2472 1999 2506 nicbil
2029 2469 2222 2516 usurpando

358 2543 500 2577 fideliter
529 2554 685 2586 eroe‘are.
716 2546 764 2576 sic
785 2546 815 2575 et
837 2542 946 2575 taliter
975 2540 1061 2586 quod
1092 2543 1162 2585 ipse
1191 2537 1405 2584 cappellanus
1434 2547 1492 2569 seu
1522 2536 1668 2569 altarista
1700 2539 1731 2568 et
1757 2536 1806 2568 sui
1836 2532 1971 2578 quilibet
2001 2540 2222 2566 successores

515 2661 544 2694 eil)
573 2665 649 2691 (trix.
