2358 3105
1033 214 1079 246 45

1022 343 1096 378 40.

130 423 235 468 Papst
284 423 416 466 Greyor
461 422 581 465 [XII]
619 422 819 467 beauflrayt
859 422 921 455 deu
961 421 1031 454 Ab!
1070 432 1133 453 ron
1181 419 1378 458 Welebrasi,
1422 422 1476 454 (lie
1514 421 1628 464 Klagse
1675 422 1733 455 des
1782 421 1988 455 Geislliclteu

129 483 281 517 Matbias
322 482 421 527 Ujee'le
452 494 559 526 qegyen
600 484 661 516 (len
706 483 841 526 Pragser
869 481 1008 525 Ba'rqer
1037 481 1191 514 Mathias
1221 481 1365 514 Kolarz.
1401 482 1461 514 del·
1489 481 1560 514 sis-h
1592 482 1657 514 ilem
1685 481 1883 525 (Jeqemtber
1912 484 1990 515 elne

129 544 443 588 GemaltfflMiybee't
472 556 512 577 za
532 544 704 577 Schulden
733 545 885 577 [cononem
905 542 996 585 le'ess,
1028 554 1068 574 zu
1090 541 1329 575 utelersucben.
1353 563 1396 565 —
1415 541 1471 575 m.
1495 542 1614 575 Siemt.
1643 542 1676 576 7.
1702 541 1850 574 October
1876 542 1984 574 Mos.

284 620 494 685 Gregorius
510 643 687 685 episcopus
703 650 823 672 servus
840 649 1016 672 servorum
1038 638 1102 671 dei.
1124 637 1254 671 Dilecto
1280 636 1345 670 filio
1366 664 1393 670 ..
1411 636 1521 670 abbati
1542 640 1734 670 monasterii
1750 641 1781 670 in
1798 637 1987 682 VVelegrad

130 702 364 735 olomucensis
394 702 538 735 diocesis
567 701 707 734 salutem
749 705 781 733 et
809 699 1026 745 apostolicam
1056 698 1344 732 benediccionem.
1393 697 1604 742 Conquestus
1642 702 1691 731 cst
1721 697 1816 732 nobis
1846 698 1988 732 Mathias

127 761 285 807 Vyczyk,
315 762 459 796 clericus
489 761 670 806 Pragensis
705 761 861 797 diocesis.
900 760 985 805 quod
1016 758 1160 793 Mathias
1191 757 1322 800 Colarz,
1362 761 1446 792 civis
1484 758 1674 801 Pragensis,
1715 761 1890 791 associatis
1929 758 1989 792 sibi

129 822 325 868 quibusdam
356 825 423 856 suis
453 825 484 856 in
514 822 575 856 hac
606 827 698 868 parte
728 821 945 867 complicibus
976 824 1081 866 ipsum
1111 829 1178 852 non
1207 818 1333 864 absque
1363 830 1518 852 manuum
1548 821 1734 852 inicccionc
1772 821 1803 852 in
1833 830 1908 852 eum
1938 820 1990 853 dei

130 886 250 916 timore
279 886 464 928 postposito
494 894 575 916 ausu
605 883 773 927 sacrilego
803 887 930 915 temere
959 880 1105 915 violenta
1135 882 1221 924 cepit
1260 884 1291 912 et
1321 882 1449 913 carceri
1480 882 1682 925 mancipavit
1720 891 1759 913 ac
1788 880 1989 925 aliquamdiu

130 944 267 977 detinuit
296 943 404 977 eidem
435 947 563 977 carceri
594 946 827 988 mancipatum.
877 942 956 976 Cum
988 946 1096 974 autem
1138 940 1245 974 dictus
1283 951 1494 985 conquerens
1531 942 1615 973 sicut
1653 943 1772 973 asserit
1800 943 1989 986 potenciam

130 1004 206 1037 dicti
235 1006 419 1037 iiiiuriantis
450 1007 566 1037 merito
596 1003 862 1049 perhorrescens
901 1013 975 1035 eum
1007 1001 1091 1034 iufra
1122 1003 1292 1034 civitatem
1325 1012 1385 1034 seu
1414 1001 1575 1034 diocesim
1605 1000 1809 1044 pragensem
1848 1006 1992 1046 nequeat

116 1066 314 1118 vconvenire
351 1075 484 1106 secure,
523 1064 723 1097 discrecioni
761 1068 815 1097 tue
852 1074 912 1108 per
949 1061 1131 1107 apostolica
1170 1064 1292 1106 scripta
1331 1061 1537 1097 mandamus.
1577 1066 1752 1106 quatenus7
1792 1064 1818 1095 si
1856 1066 1906 1096 est
1934 1065 1990 1095 ita.

131 1123 253 1157 dictum
283 1124 485 1168 sacrilegum
526 1129 590 1158 tam
629 1124 682 1157 diu
712 1124 939 1170 appellacione
976 1126 1104 1155 remota
1134 1124 1458 1155 excommunicatum
1499 1121 1629 1167 publice
1658 1125 1796 1155 nuncies
1826 1126 1857 1155 et
1886 1122 1991 1156 facias

129 1182 170 1216 ab
208 1183 361 1218 omnibus
399 1187 510 1218 arcius
548 1187 680 1228 evitari,
718 1186 825 1218 donec
863 1194 962 1229 passo
1000 1185 1152 1216 iniuriam
1190 1182 1391 1215 satisfecerit
1429 1186 1659 1227 competenter
1696 1187 1829 1216 etcum
1861 1187 1990 1216 tuarum

131 1247 320 1278 testimonio
350 1245 522 1278 literarum
561 1245 602 1279 ad
638 1246 751 1279 sedem
781 1247 914 1279 venerit
949 1243 1165 1289 apostolicam
1205 1241 1444 1276 absolvendus.
1492 1242 1610 1275 Testes
1640 1247 1750 1276 autem
1785 1246 1838 1288 qui
1869 1243 1992 1277 fuerint

129 1307 301 1347 nominati.
332 1308 360 1338 si
380 1316 416 1339 se
437 1308 564 1350 gracia,
595 1306 672 1339 odio
692 1306 747 1339 vel
777 1308 895 1338 timore
918 1303 1157 1345 subtraxerint,
1188 1313 1248 1348 per
1268 1313 1444 1336 censuram
1466 1302 1729 1336 ecclesiasticam
1760 1304 1990 1349 appellacione

131 1370 284 1399 cessante
314 1366 497 1411 compellas
526 1369 659 1399 veritati
698 1368 922 1399 testimonium
952 1363 1140 1410 perhibere.
1172 1363 1292 1396 Datum
1324 1363 1433 1397 Senis.
1464 1365 1559 1396 nonis
1589 1362 1747 1406 octobris,
1777 1363 1987 1409 pontificatus

131 1429 235 1460 nostri
266 1437 353 1460 anno
382 1427 542 1460 secundo.

442 1509 593 1535 Abschrift
624 1510 660 1534 im
693 1510 788 1535 s'odex
821 1508 1054 1534 WVelehradensis
1086 1507 1135 1533 fol.
1166 1506 1244 1535 116‘.
1275 1522 1316 1526 ——
1348 1506 1457 1542 Briinn,
1493 1507 1717 1541 Laudcsarcliiv,
1751 1507 1812 1534 Art.
1838 1506 1992 1532 welehrad

544 1562 586 1588 lit.
612 1560 648 1588 G.
674 1562 728 1597 ΙΙΙ,
756 1562 824 1587 191.

1031 1723 1104 1758 41.

133 1803 209 1837 Der
245 1803 340 1836 Ram
379 1803 441 1836 der
479 1802 583 1836 Stadt
613 1802 744 1835 Olmiltz-
773 1802 995 1836 bem-liemdet.
1025 1802 1106 1835 class
1141 1801 1311 1834 Baltasar
1342 1800 1495 1845 Paldaaf
1520 1802 1595 1833 eine
1628 1800 1729 1834 balbe
1758 1800 1860 1833 Mart·
1881 1800 1993 1843 jabr-

288 1863 398 1897 lichen
428 1863 549 1896 Zinses
579 1864 649 1896 dem
680 1863 846 1898 Malloia&
877 1862 971 1896 Solen
1001 1863 1059 1896 des
1089 1862 1220 1895 Metlin.
1247 1864 1306 1906 fili·
1331 1864 1416 1906 fimf
1437 1861 1539 1895 Mark-
1569 1862 1726 1906 cerltaetst
1754 1861 1853 1895 habe.

722 1924 780 1957 Dt,
810 1923 991 1966 [Olmlltz-s.
1023 1922 1081 1956 12.
1116 1921 1265 1955 October
1295 1921 1405 1955 1408.

287 1992 376 2046 Nos
413 2011 640 2045 wenceslaus
679 2010 833 2045 Grelizer
870 2011 1066 2051 advocatus,
1108 2009 1289 2055 Zilbereyn
1327 2009 1409 2043 Nicz
1447 2013 1608 2054 magister
1646 2013 1780 2044 civium.
1823 2010 1993 2044 Johannes

133 2072 279 2116 Stahler,
318 2072 442 2106 Pessco
470 2071 619 2105 Wiirzer
658 2076 689 2105 et
717 2071 884 2117 Philippus
914 2071 1047 2115 Longus
1077 2071 1231 2104 consules
1261 2074 1431 2116 ceterique
1461 2074 1557 2104 iurati
1586 2073 1729 2105 civitatis
1760 2071 1994 2105 Olomucensis

133 2135 411 2177 recognoscimus
441 2137 558 2167 tenore
587 2136 799 2179 presencium
830 2134 1010 2173 universise
1040 2131 1220 2165 discretum
1250 2134 1357 2164 virum
1388 2131 1541 2164 Baltazar
1570 2132 1691 2165 dictum
1712 2131 1876 2165 Paldawff
1891 2131 1992 2177 pelli-

133 2192 228 2226 ficem
267 2193 308 2227 de
336 2193 509 2227 voluntate
547 2193 751 2227 conthoralis
781 2204 839 2226 sue
870 2192 1034 2226 dimidiam
1066 2202 1213 2225 marcam
1242 2194 1316 2225 veri
1345 2196 1377 2225 et
1406 2195 1488 2225 certi
1518 2203 1638 2226 census
1667 2196 1766 2226 annui
1794 2203 1992 2237 grossorum

133 2253 352 2298 pragensium
383 2258 415 2287 et
433 2253 597 2288 Moravici
617 2257 747 2287 numeri
767 2253 863 2287 dandi
885 2258 916 2286 et
936 2252 1129 2298 porrigendi
1150 2251 1210 2285 sub
1230 2255 1527 2297 impignoracionis
1548 2264 1644 2297 pena.
1673 2264 1736 2297 que
1756 2264 1816 2298 pro
1837 2252 1992 2287 censibus

134 2314 205 2348 fieri
234 2314 331 2357 solet,
360 2325 421 2360 per
449 2314 594 2348 medium
623 2318 655 2348 in
676 2314 815 2358 Georgii
840 2318 872 2347 et
892 2313 1034 2347 medium
1056 2316 1089 2346 in
1109 2312 1305 2345 Wenceslai
1325 2317 1516 2346 sanctorum
1536 2312 1630 2346 festis
1650 2316 1807 2346 continue
1827 2316 1992 2346 secuturis

134 2374 334 2408 honorando
355 2377 430 2408 viro
460 2374 594 2409 domino
616 2375 741 2409 Mathie
762 2374 827 2408 filio
847 2374 985 2415 Metlini,
1006 2374 1060 2407 vel
1091 2376 1144 2407 cui
1164 2376 1298 2406 nomine
1318 2377 1350 2405 et
1369 2373 1443 2406 loco
1463 2376 1513 2406 sui
1534 2376 1749 2407 commiserit.
1770 2385 1830 2419 pro
1847 2377 1992 2418 quinque

134 2438 255 2469 marcis
292 2445 488 2479 grossorum
527 2440 558 2469 et
595 2438 725 2469 numeri
762 2435 987 2481 predictorum
1025 2438 1118 2467 recte
1155 2438 1187 2466 et
1224 2433 1472 2466 racionabiliter
1500 2433 1703 2467 vendidisse.
1752 2434 1993 2479 Quemquidem

133 2506 271 2529 censum
299 2498 334 2529 in
363 2500 396 2529 et
423 2507 524 2541 super
553 2496 651 2529 domo
680 2507 739 2529 sua
768 2499 854 2529 inter
883 2495 1000 2529 domos
1020 2494 1176 2528 videlicet
1199 2493 1471 2527 Swarczhencze
1492 2499 1521 2527 et
1544 2493 1677 2527 Pei-tlini
1698 2494 1854 2528 Unsleter
1874 2497 1994 2528 situata

135 2555 293 2601 predictis
323 2559 471 2589 terminis
500 2555 686 2590 habendum
717 2560 749 2589 et
777 2554 1095 2601 apprehendendum
1125 2565 1184 2587 seu
1213 2557 1299 2587 inter
1328 2553 1536 2588 Christianos
1557 2555 1611 2588 vel
1630 2555 1755 2588 Judeos
1776 2566 1834 2600 pre
1855 2555 1994 2600 singulis

135 2617 206 2650 aliis
223 2616 446 2651 creditoribus
461 2617 700 2662 acquirendum
717 2617 887 2662 deputavit
903 2616 990 2649 dicto
1011 2616 1144 2648 domino
1165 2614 1290 2648 Mathie
1309 2614 1365 2648 vel
1384 2618 1453 2648 suis
1473 2617 1725 2658 commissariis‚
1751 2620 1785 2648 ut
1805 2615 1995 2661 prefertur·‚

134 2678 189 2711 tali
218 2682 328 2711 tamen
359 2677 566 2720 condicione,
606 2677 692 2723 quod
723 2677 828 2710 dictus
866 2675 1055 2718 Baltliazan
1090 2678 1161 2709 eius
1200 2685 1296 2717 uxor‚
1327 2674 1470 2709 heredes
1500 2675 1554 2708 vel
1582 2686 1799 2709 successores
1828 2676 1992 2721 prefatum
