2358 3105
1030 206 1078 238 47

1019 334 1091 369 44.

125 405 167 438 K.
199 403 339 438 lVenz-el
357 403 494 437 ersaelzt
515 404 577 436 (len
602 404 706 448 I'apst
729 406 862 448 (iream-
883 404 965 439 XII,
996 404 1185 437 (zulassliclt
1217 404 1277 436 der
1312 402 1413 437 Walel
1443 404 1603 437 li'ourmls
1634 416 1704 437 zum
1728 404 1891 448 Bis-clmfi'
1918 418 1980 438 1·οη

127 466 268 500 (umutz.
286 466 358 498 dem
378 464 549 498 Olnm'tz-er
566 464 720 498 Be'stlmm
740 466 795 499 alle
815 465 971 499 lible'eleen
987 464 1155 509 Abqaben
1176 476 1221 497 (m
1243 464 1298 496 die
1310 465 1504 507 papslliclee
1523 465 1684 497 Ii'ammer
1700 476 1740 497 z-el
1758 468 1981 507 erinasse'yeu.

585 525 622 558 ().
656 525 700 559 Ι).
730 526 845 569 [Isurz-
875 537 936 559 ror
965 526 1037 559 (lem
1069 525 1100 558 7.
1134 524 1326 559 November
1358 524 1486 568 1408]
1501 525 1529 566 ¹)

279 584 520 638 Sanctissime
549 608 644 649 paler
668 609 699 637 et
720 604 851 637 domine
873 604 1168 637 reverendissime.
1200 603 1294 644 Quod
1317 614 1342 637 5.
1366 615 1398 637 v.
1421 604 1461 637 de
1482 604 1576 637 solita
1598 616 1656 637 5111·
1678 607 1809 648 pietalis
1830 604 1987 637 clemen-

125 668 166 698 tia
187 663 373 698 venerabili
404 663 559 697 Conrado
588 667 746 710 episcopo
773 664 998 701 Olomucensi,
1029 664 1219 698 consiliario
1250 668 1364 697 nostro
1394 664 1517 697 devoto
1548 664 1678 704 dilecto7
1710 665 1750 697 dc
1780 664 1896 698 eadem
1926 676 1985 698 sua

124 724 341 759 Olomucensi
371 725 525 762 ecclesia,
556 727 624 758 suis
653 724 826 770 probitatis
855 729 887 758 ct
910 728 1068 759 virtutum
1099 728 1224 759 meritis
1254 724 1480 770 poscentibus,
1510 725 1551 758 de
1580 736 1668 759 novo
1690 725 1848 771 providit,
1879 725 1989 759 eidem

123 797 150 820 s.
180 797 214 819 v.
244 790 334 818 tanto
364 788 594 830 regraciamur
630 788 807 827 attencius7
846 790 968 830 quanto
1006 786 1126 831 prefati
1156 786 1337 819 consiliarii
1378 788 1482 818 nostri
1511 788 1673 830 provisio.
1713 785 1775 819 sibi
1805 797 1866 831 per
1896 797 1923 820 s.
1955 798 1988 820 v.

123 846 386 879 misericorditer
414 846 513 880 sacta.
543 846 674 879 culmini
704 850 818 879 nostro
848 850 898 879 est
927 846 1044 891 placita
1075 851 1173 891 atque
1202 851 1318 891 grata:
1348 849 1507 891 precipue
1537 849 1642 879 eciam
1673 858 1717 880 ex
1737 858 1790 890 eo,
1821 847 1908 891 quod
1930 858 1990 892 per

124 907 310 940 huiusmodi
341 909 566 951 provisionem
595 906 759 940 salubrius
789 906 981 940 consuletur
1009 908 1166 951 ecclesie,
1196 919 1293 952 quam
1324 918 1478 952 persone.
1510 907 1552 940 Et
1576 919 1711 948 revera,
1742 913 1836 953 pater
1857 907 1988 941 beatis-

124 970 219 1009 sime,
249 966 377 1012 prefata
408 967 641 1000 Olomucensis
670 968 813 1001 ecclesia
844 971 994 1012 tempore
1018 979 1220 1012 guerrarum
1241 971 1427 1002 novissime
1448 971 1681 1014 preteritarum
1704 971 1735 1001 in
1756 969 1989 1001 marchionatu

124 1027 278 1061 Moravie
316 1032 348 1060 et
384 1038 444 1073 per
480 1028 655 1060 multorum
694 1038 855 1061 annorum
894 1027 1059 1061 curricula
1099 1027 1219 1061 ibidem
1259 1028 1442 1074 dampnose
1480 1031 1671 1073 vigencium
1714 1031 1746 1062 in
1781 1032 1849 1062 suis
1879 1028 1986 1065 bonis,

123 1088 272 1125 vasallis,
302 1087 491 1121 hominibus
522 1092 620 1133 atque
653 1087 793 1122 subditis
830 1092 873 1121 tot
904 1092 936 1121 et
965 1092 1052 1121 tanta
1082 1088 1222 1134 dampna
1253 1093 1351 1134 atque
1380 1089 1588 1122 incommoda
1611 1092 1773 1129 sustinuit,
1805 1090 1891 1134 quod
1915 1093 1984 1134 ipsa

123 1151 155 1182 in
193 1159 287 1182 suum
326 1153 445 1181 statum
484 1151 657 1193 pristinum
695 1151 874 1193 pervenire
903 1153 1002 1193 atque
1031 1149 1145 1182 reduci
1174 1160 1239 1182 non
1268 1150 1369 1192 valet,
1408 1153 1469 1183 nisi
1499 1149 1559 1183 sibi
1590 1161 1649 1195 per
1678 1161 1704 1183 s.
1736 1162 1768 1183 v.
1798 1150 1984 1183 remedium

124 1213 156 1242 et
184 1213 432 1254 consequenter
459 1214 610 1242 nostrum
641 1209 832 1253 sull'ragium
863 1214 1087 1243 succurratur.
1119 1210 1231 1251 Quare
1261 1221 1286 1243 s.
1318 1222 1351 1244 v.
1381 1210 1563 1244 affectuose
1592 1213 1733 1256 petimus
1763 1215 1794 1244 et
1827 1222 1987 1255 rogamus

124 1272 156 1303 in
178 1272 308 1313 magnis
333 1269 443 1302 cordis
466 1269 640 1303 desideriis
661 1269 860 1313 obtinentes,
890 1275 1052 1315 quatenus
1073 1270 1199 1304 fructus
1220 1271 1260 1304 de
1281 1271 1429 1316 predicta
1451 1271 1665 1304 Oloniucensi
1687 1271 1830 1304 ccclesia
1852 1283 1987 1305 camere

123 1341 150 1364 s.
172 1342 204 1364 v.
235 1330 478 1375 persolvendos
508 1334 572 1363 tam
602 1335 738 1376 propter
769 1330 842 1367 hoc.
873 1331 959 1376 quod
990 1330 1176 1364 huiusmodi
1206 1331 1333 1365 fructus
1363 1336 1395 1365 et
1421 1337 1605 1377 proventus
1626 1335 1728 1377 ipsius
1750 1332 1986 1366 Olomucensis

124 1391 268 1425 ecclesie
297 1393 391 1435 quasi
420 1391 567 1424 totaliter
599 1394 629 1424 in
660 1392 864 1425 solucionem
894 1391 1078 1425 debitorum
1109 1396 1291 1435 transeunt,
1322 1396 1388 1426 tum
1409 1395 1514 1425 eciam
1545 1403 1588 1425 ex
1617 1402 1669 1428 eo,
1700 1392 1785 1437 quod
1815 1393 1984 1437 predictus

124 1452 332 1486 consiliarius
368 1456 485 1485 noster
521 1457 658 1498 propter
694 1452 936 1497 obligacioncm
968 1456 1153 1485 castrorum
1193 1457 1225 1485 et
1253 1452 1416 1486 bonorum
1450 1453 1594 1486 ecclesie
1623 1464 1682 1486 sue
1711 1464 1728 1485 a
1758 1456 1826 1486 suis
1855 1453 1984 1498 prede-

125 1512 318 1546 cessoribus
354 1512 475 1546 factam
514 1513 554 1546 de
592 1512 753 1546 fructibus
789 1513 983 1546 eorumdem
1022 1512 1193 1557 hucusque
1233 1513 1396 1546 modicum
1434 1524 1513 1546 usus
1542 1518 1604 1556 est,
1642 1525 1674 1547 v.
1706 1514 1786 1547 velit
1814 1525 1838 1547 s.
1872 1518 1988 1547 nostre

125 1573 402 1607 considerationis
423 1575 538 1606 intuitu
560 1574 822 1607 misericorditer
850 1573 1039 1615 moderare,
1069 1576 1117 1606 sic
1146 1573 1232 1618 quod
1254 1576 1323 1618 ipsa
1346 1573 1579 1607 Olomucensis
1600 1574 1743 1607 ecclesia
1764 1573 1824 1607 sub
1845 1574 1985 1620 predicti

124 1634 305 1668 consiliarii
333 1637 438 1667 nostri
468 1636 632 1678 regimine
662 1637 786 1667 maiora
816 1634 956 1680 dampna
986 1638 1084 1678 atque
1113 1634 1322 1667 incommoda
1353 1645 1418 1667 non
1439 1637 1610 1674 sustineat,
1641 1634 1700 1668 sed
1729 1637 1845 1680 pocius
1875 1634 1985 1668 felicia

124 1697 329 1728 incrementa
359 1697 521 1739 suscipiat
550 1698 583 1727 et
610 1697 642 1727 in
671 1698 738 1728 suis
766 1694 862 1728 bonis
891 1694 931 1728 ab
961 1694 1104 1727 hostium
1133 1693 1320 1728 incursibus
1349 1699 1546 1740 permaneat,
1574 1695 1613 1727 de
1642 1699 1756 1728 cetero
1787 1694 1924 1740 pacifica
1955 1699 1987 1728 et

124 1757 256 1799 quieta:
277 1755 316 1787 ad
339 1754 425 1799 quod
446 1757 552 1788 eciam
572 1759 721 1788 nostrum
742 1760 893 1800 prestare
911 1755 1063 1789 volumus
1084 1755 1271 1799 consilium,
1293 1756 1449 1789 auxilium
1472 1761 1502 1790 et
1524 1759 1690 1789 iuvamen.
1718 1756 1898 1790 Personam
1920 1761 1983 1789 etc.

436 1824 499 1851 Aus
531 1825 593 1851 dem
625 1825 813 1851 Eormelbuch
842 1826 868 1851 H
894 1826 921 1857 3,
953 1826 1002 1854 fol.
1029 1826 1113 1859 5516.
1137 1840 1179 1844 —
1215 1826 1300 1861 Prag‚
1331 1826 1439 1852 Archiv
1470 1826 1519 1851 des
1544 1827 1749 1860 Domcapitels.
1776 1842 1814 1845 —
1840 1826 1987 1852 Gedruckt

539 1876 678 1910 Palack3⁵,
704 1878 932 1904 Formelbiicher
955 1878 994 1909 II,
1018 1886 1046 1911 p.
1073 1877 1122 1904 ⁴37.

1019 2035 1092 2070 45.

128 2105 329 2149 Belelmmzq
357 2105 425 2138 wid
443 2104 659 2149 Beeidiqemss
689 2105 749 2138 der
769 2104 1061 2138 Leleensvasallen
1091 2105 1153 2138 der
1176 2104 1348 2137 Olmcltzer
1368 2104 1498 2138 Kirche
1518 2105 1622 2139 [lm-ch
1645 2106 1708 2139 (len
1729 2105 1984 2139 neuerwfflalten

384 2165 538 2210 Bischof
563 2166 716 2199 [som-ad.
752 2187 791 2190 -—
826 2165 884 2199 Dt.
916 2166 1108 2208 Ii'remsier,
1138 2165 1171 2199 7.
1198 2166 1266 2199 und
1297 2165 1354 2199 15.
1386 2165 1580 2199 November
1610 2165 1720 2200 1408.

282 2232 400 2286 Anno
431 2251 554 2286 domini
583 2253 757 2286 millesimo
791 2253 1121 2298 quadringentesimo
1150 2256 1282 2293 octavo,
1322 2252 1405 2285 feria
1435 2257 1549 2297 quarta
1580 2256 1732 2298 proxima
1762 2258 1836 2298 post
1864 2253 1984 2287 festum

127 2315 272 2346 omnium
303 2316 507 2356 sanctorum,
545 2316 577 2347 in
615 2316 705 2346 curia
745 2313 862 2347 domus
900 2316 1112 2359 episcopatus
1151 2312 1415 2355 Cremsiriensis„
1454 2315 1486 2346 in
1516 2324 1604 2347 novo
1633 2316 1769 2347 introitu
1804 2314 1986 2347 reverendi

127 2375 159 2406 in
189 2371 322 2407 Christ-o
351 2375 454 2418 patris
492 2378 524 2407 et
552 2374 675 2407 domini
704 2373 828 2407 domini
856 2376 962 2408 nostri
991 2372 1136 2407 Conradi
1170 2373 1223 2406 dei
1252 2375 1368 2417 gracia
1397 2376 1524 2418 provisi
1562 2378 1593 2406 et
1622 2373 1807 2407 confirmati
1837 2377 1985 2419 episcopi

128 2433 273 2467 ecclesie
304 2433 538 2468 Olomucensis
568 2434 769 2480 infrascripti
800 2434 918 2468 vasalli
956 2434 1100 2468 ecclesie
1129 2433 1280 2479 predicte
1310 2436 1455 2468 servatis
1484 2434 1661 2468 servandis
1696 2445 1789 2468 more
1819 2435 1915 2468 solito
1945 2435 1985 2468 de

128 2493 277 2528 manibus
307 2496 410 2539 ipsius
447 2494 630 2529 reverendi
669 2498 771 2541 patris
809 2500 873 2528 etc.
904 2494 1088 2539 vasallagia
1127 2505 1186 2528 seu
1215 2494 1314 2528 feoda
1353 2499 1575 2540 susceperunt
1613 2498 1645 2527 et
1673 2493 1783 2528 debite
1821 2494 1985 2529 fidelitatis

127 2556 253 2598 omagii
281 2557 496 2599 prestiterunt-
524 2558 721 2589 iuramenta.

284 2660 308 2700 1)
332 2663 388 2689 Die
411 2663 554 2698 Datirung
577 2664 628 2690 mit
650 2664 810 2690 Riicksicht
833 2664 884 2689 anf
907 2664 953 2690 Nr.
979 2665 1028 2691 45.
