2358 3105
1261 193 1308 226 κ’.)

356 305 386 332 ιιι
410 305 608 344 prennttitm·
628 304 657 331 et
683 303 841 331 iusticiam
867 300 960 330 iaciat
986 309 1048 329 nou
1071 296 1277 330 obstantibus
1297 297 1508 342 supradietis.
1532 317 1580 322 —
1611 297 1684 331 l'ost
1716 289 1944 343 cuiusqmdem
1971 300 2218 331 commissionis

356 373 427 394 sive
461 361 710 405 supplicationis
749 360 864 391 eedule
903 361 1184 403 presentationem
1225 362 1254 389 et
1296 361 1535 403 receptionem.
1577 358 1746 403 productis
1782 361 1930 404 primitus
1969 369 2081 391 coram
2122 357 2218 391 nobis

357 422 521 454 nonnulli>
552 421 675 453 iuribus
714 426 741 451 et
776 424 987 452 iiiiiiiiiiientis
1026 431 1064 451 ae
1096 418 1233 451 testibus
1265 418 1439 460 lidedignis
1477 419 1516 451 ad
1549 419 1790 452 inl'‹n·inandum
1822 422 1965 453 animum
1998 423 2146 452 nostrum
2178 418 2219 452 de

356 487 384 514 et
416 494 516 526 super
552 481 702 513 «nunnae
743 487 769 511 et
803 480 940 518 stimulis
982 483 1010 512 in
1042 479 1127 511 dieta
1168 478 1262 511 nobis
1293 479 1378 512 l'acta
1417 484 1446 512 et
1488 485 1678 525 presentata
1716 483 1952 513 conimissiom·
1991 482 2156 513 contentis
2187 484 2219 513 et

357 545 532 587 descriptis
564 554 706 587 ipsisque
740 541 878 573 testibus
901 546 960 573 rite
983 552 1041 585 per
1063 551 1123 572 nos
1158 542 1304 584 receptis
1333 540 1487 573 admissis
1517 545 1545 572 et
1570 543 1599 573 iu
1628 541 1767 574 l'oruiani
1800 543 1878 574 iuris
1899 543 2014 575 iuratis
2035 546 2066 573 ct
2087 540 2218 574 demum

359 604 497 636 tideliter
528 609 725 635 examinantis
756 613 939 645 eorumque
970 602 1064 633 dictis
1103 606 1132 633 et
1165 600 1422 646 recepeionibus
1462 604 1491 634 in
1522 604 1654 647 scriptis
1685 602 1824 635 lideliter
1853 602 1998 634 redactis
2036 606 2069 634 et
2099 600 2219 634 deinde

359 675 497 696 unacum
530 664 623 695 dietis
655 662 777 695 iuribus
808 667 835 693 et
870 664 1081 694 munimentis
1111 673 1170 706 per
1199 673 1260 694 nos
1296 664 1389 703 visis,
1418 661 1663 706 subsequenter
1692 674 1775 696 xero
1807 662 1926 695 l'uimus
1957 673 2016 707 per
2045 661 2220 708 providum

359 735 464 756 xirum
505 729 698 759 mag-»istrum
736 722 983 755 tta-inleliinum
1024 721 1201 755 Salczman
1246 725 1275 755 in
1316 721 1466 756 Romana
1510 726 1601 756 curia
1645 727 1676 755 ct
1715 723 1853 768 predicti
1897 723 2021 756 domini
2060 722 2222 756 Joliannis

358 797 475 829 prioris
506 789 533 815 et
565 789 751 816 contentus
783 786 975 815 inonasterd
1007 785 1035 815 in
1068 782 1285 816 Lanczltrona
1317 783 1413 815 beate
1444 783 1548 816 lllarie
1579 786 1730 824 virginis.
1761 784 1886 816 ordinis
1915 786 2020 817 sancti
2043 783 2221 827 Augustini

358 849 593 878 canonicorum
613 844 827 881 regularium.
861 843 1135 877 laitliomislensis
1156 844 1311 877 diocesis.
1335 844 1565 889 principalium
1597 846 1626 877 in
1649 844 1733 877 dicta
1757 843 1851 877 nobis
1874 844 1958 877 l'aeta
1980 848 2011 876 et
2032 847 2220 889 presentata

357 908 590 939 eomimssione
613 905 837 949 principaliter
859 907 1101 938 muniuattwum
1125 909 1391 950 procuratorem.
1422 909 1514 949 prout
1538 904 1578 937 dc
1599 916 1658 937 sue
1679 907 1922 949 procurationis
1943 904 2098 938 mandato
2128 903 2224 938 nobis

359 968 504 1003 legitune
534 965 705 998 eoustabat
737 970 835 1009 :itque
873 969 1002 998 constat
1034 966 1253 999 docnnwntis.
1293 977 1405 998 eoram
1437 964 1532 998 nobis
1562 968 1775 998 constitutum
1815 964 1922 998 debita
1959 976 2032 998 cum
2063 967 2224 998 instancia

358 1030 515 1071 requisiti.
548 1029 699 1071 «platinas
728 1026 863 1059 eosdem
886 1026 1040 1059 dominos
1060 1025 1246 1059 Jolianuem
1269 1029 1412 1070 priorem
1444 1030 1474 1058 et
1497 1030 1698 1059 conventum
1711 1029 1736 1062 ¹¹)
1767 1026 1967 1071 principales
1988 1028 2170 1059 sentenciis
2191 1029 2223 1059 et

359 1091 521 1120 censuris.
553 1087 592 1119 de
614 1086 730 1131 quibus
761 1090 790 1120 in
812 1087 897 1119 dieta
928 1090 1164 1120 commissione
1195 1087 1225 1119 lit
1250 1090 1391 1121 mencio.
1423 1098 1482 1131 per
1504 1086 1624 1119 dietmn
1656 1085 1824 1119 domimini
1845 1085 2008 1120 'rhomam
2030 1086 2071 1119 de
2092 1085 2224 1119 Amelia

360 1149 542 1181 auditorem
575 1149 645 1181 l'ore
671 1148 709 1180 ad
733 1148 894 1181 cautelam
925 1148 1095 1181 absolutos
1116 1148 1278 1181 declarari
1310 1148 1490 1191 literasque
1511 1147 1752 1180 declaratorias
1773 1147 1917 1192 desuper
1946 1150 1978 1180 in
2000 1147 2105 1180 l'orma
2129 1146 2224 1180 solita

360 1215 389 1241 et
412 1214 570 1242 consueta
597 1210 732 1242 decerni
755 1214 784 1241 et
807 1209 958 1243 concedi.
989 1220 1048 1254 per
1069 1220 1129 1242 nos
1150 1211 1312 1242 instanter
1342 1208 1531 1253 postulavit.
1565 1207 1634 1241 ¹N'os
1656 1210 1754 1252 igitur
1775 1207 1906 1241 Montes
1927 1207 2057 1240 auditor
2077 1206 2225 1252 prefatus

362 1271 571 1303 attendentes
593 1273 842 1314 requisitionem
865 1270 1052 1303 huiusmodi
1077 1270 1147 1303 l'ore
1169 1272 1286 1302 iustam
1309 1273 1407 1313 atquc
1428 1279 1610 1301 consonam
1633 1271 1772 1311 raeioni,
1794 1269 1948 1313 quodque
1970 1271 2053 1301 iusta
2075 1269 2226 1313 petenti—

362 1331 420 1364 bus
442 1342 505 1364 non
527 1335 573 1363 est
597 1331 814 1373 denegandus
835 1342 994 1364 assensus
1015 1335 1043 1363 et
1067 1333 1140 1375 quia
1163 1341 1205 1363 ex
1226 1329 1352 1363 iuribus
1379 1334 1411 1362 ct
1432 1332 1643 1362 munimentis
1665 1329 1822 1375 predictis
1849 1341 1888 1362 ae
1909 1330 2071 1362 dictorum
2095 1330 2226 1361 testium

364 1392 458 1425 dictis
488 1397 516 1423 et
549 1391 819 1436 deposicionibus
851 1394 1039 1425 invenimus
1069 1395 1222 1424 contenta
1264 1394 1293 1424 in
1325 1391 1474 1436 predicta
1505 1393 1742 1423 eonnnissiom·
1773 1393 1914 1423 veritate
1944 1389 2063 1429 l'ulciriq
2102 1388 2228 1422 idcirco

363 1455 559 1485 auctoritate
589 1453 771 1497 apostolica
801 1452 897 1485 nobis
935 1455 964 1485 in
996 1452 1057 1485 liae
1086 1457 1181 1497 parte
1219 1454 1399 1485 commissa
1439 1451 1587 1496 prcl'atos
1617 1452 1769 1485 dominos
1797 1450 1985 1484 Joliannem
2022 1452 2168 1496 priorem
2199 1453 2229 1483 et

365 1518 564 1546 conventum
595 1525 611 1546 a
635 1513 729 1546 dictis
759 1516 940 1547 sentenciis
970 1518 999 1546 et
1022 1516 1175 1546 censuris
1205 1524 1265 1557 per
1285 1512 1406 1545 dictum
1438 1512 1606 1545 dominum
1628 1511 1791 1545 Tliomam
1821 1511 1861 1544 de
1883 1511 2014 1544 Amclia
2045 1509 2230 1544 auditorem

364 1574 402 1607 ad
442 1575 602 1607 cautelam
649 1575 749 1607 luisse
788 1574 960 1609 absolutos
999 1574 1247 1608 declaravimus
1290 1578 1321 1606 et
1359 1578 1476 1607 tenore
1517 1576 1727 1618 presencium
1771 1573 1992 1609 declaramusq
2037 1571 2232 1605 mandantes

367 1635 598 1668 nichilominus
636 1640 666 1668 et
705 1639 929 1680 pi·eeipi‹,=ntes
959 1635 1055 1668 vobis
1093 1639 1125 1668 et
1162 1634 1297 1668 cuilibet.
1325 1639 1475 1667 vestrum
1517 1637 1547 1667 in
1577 1637 1700 1667 virtute
1729 1638 1844 1668 sancte
1874 1632 2072 1666 obediencie
2111 1636 2144 1665 et
2171 1630 2232 1664 sub

364 1699 727 1730 ‹-xeoinmunicacionis
758 1708 854 1742 pena.
885 1708 981 1741 quam
1013 1699 1043 1729 in
1074 1708 1135 1729 vos
1169 1700 1199 1729 et
1231 1699 1379 1728 vestrum
1410 1694 1590 1740 quemlibet
1620 1697 1650 1728 in
1681 1694 1742 1728 hiis
1771 1697 1903 1740 scriptis
1933 1693 2085 1735 serimus(
2122 1695 2150 1726 si
2179 1702 2233 1734 ea,

366 1768 429 1801 que
459 1756 555 1790 vobis
593 1762 622 1789 et
663 1756 795 1790 cuilibet
826 1761 975 1791 vestrum
1017 1760 1046 1790 in
1085 1756 1147 1790 liac
1185 1760 1279 1802 parte
1318 1758 1566 1789 committimus.
1607 1756 1826 1801 neglexeritis
1864 1766 1923 1789 seu
1962 1755 2234 1800 contempseritis

368 1821 607 1851 contumaciter
636 1818 829 1863 adimplere.
864 1818 1012 1851 districte
1042 1817 1259 1863 precipiendo
1290 1816 1497 1852 mandamus,
1539 1820 1693 1861 quatinus
1722 1816 1827 1850 dictos
1864 1816 2017 1849 dominos
2045 1814 2233 1849 Johannem

367 1882 510 1923 prim-cm
551 1883 580 1911 et
611 1883 814 1912 conventum
846 1879 1047 1924 principales
1086 1890 1146 1924 per
1174 1878 1295 1911 dictum
1336 1877 1505 1911 dominum
1538 1877 1699 1911 'l'liomam
1731 1876 1771 1910 de
1802 1876 1933 1910 Ainelia
1964 1876 2163 1917 auditorem,
2201 1879 2235 1908 ut

368 1940 545 1983 prcl'ertur.
577 1939 747 1973 absolutos
777 1944 806 1973 et
838 1943 1010 1973 restitutos
1050 1942 1080 1972 in
1111 1941 1234 1973 vestris
1263 1938 1429 1973 ecelesiis.
1469 1940 1681 1971 monasteriis
1719 1942 1751 1971 et
1779 1937 1915 1983 capellis
1949 1936 2090 1981 singulis
2119 1934 2236 1969 diebus

369 2001 542 2033 dominicis
578 2005 606 2033 et
652 2000 783 2033 festivis
826 2001 910 2034 infra
954 2004 1131 2034 missarum
1176 1999 1351 2041 solemnia,
1395 1998 1470 2032 dum
1515 1999 1636 2033 ibidem
1679 1998 1789 2045 populi
1833 1998 2004 2032 multitudo
2042 1997 2081 2031 ad
2122 1996 2234 2031 divina

369 2061 566 2094 audiendum
596 2066 648 2095 aut
671 2061 751 2094 alias
781 2066 989 2105 congregata
1020 2060 1129 2104 suerit,
1159 2061 1225 2098 ubi*
1256 2060 1388 2105 quando
1418 2064 1449 2093 et
1472 2063 1633 2105 quociens
1663 2059 1847 2105 expediens
1869 2058 1981 2101 suci-it,
2008 2062 2041 2091 et.
2061 2061 2235 2103 postquam

369 2134 428 2167 pro
457 2128 550 2168 parte
580 2123 763 2156 eorundem
795 2123 1004 2156 dominorum
1035 2122 1198 2156 Jobannis
1228 2124 1349 2167 prioris
1389 2125 1421 2154 et
1451 2125 1638 2154 conventus
1667 2120 1895 2166 principalium
1927 2119 2056 2153 fueritis
2087 2120 2236 2164 requisiti

370 2195 427 2215 seu
457 2184 540 2216 alter
571 2189 718 2217 vestrum
749 2184 848 2217 suerit
877 2186 1071 2228 requisitus.
1108 2186 1151 2216 ita
1181 2187 1303 2219 tamen,
1334 2181 1420 2226 quod
1452 2184 1482 2214 in
1512 2181 1574 2215 hiis
1604 2181 1812 2226 exequendis
1842 2191 1926 2214 unus
1956 2184 2106 2214 vestrum
2137 2179 2236 2213 alium

369 2255 434 2277 non
464 2250 618 2289 expectet
658 2256 720 2278 nce
757 2245 841 2278 alter
879 2256 938 2290 pro
968 2244 1033 2277 alio
1071 2256 1107 2277 se
1146 2248 1298 2277 excuset.
1338 2242 1444 2288 palam
1484 2246 1516 2276 et
1545 2241 1676 2288 publice
1713 2244 1890 2285 nuncieiis‚
1927 2251 2010 2286 quos
2039 2251 2101 2275 nos
2129 2242 2237 2274 eciam

370 2309 485 2338 tenore
516 2308 726 2350 presencium
757 2308 804 2338 sic
834 2305 1052 2338 denunciatos
1082 2297 1252 2338 absolutos
1281 2303 1412 2349 publice
1443 2306 1649 2337 nunciamus.
1679 2301 1943 2336 Absolucionem
1972 2312 2058 2336 vero
2092 2303 2237 2335 omnium

371 2369 401 2397 ct
432 2366 649 2401 stimulorum.
680 2369 733 2411 qui
760 2366 908 2411 prelatas
937 2370 1070 2399 nostras
1099 2367 1291 2398 sentencias
1321 2375 1381 2397 seu
1416 2375 1529 2397 earum
1561 2364 1704 2409 aliquam
1735 2366 1935 2397 incurrerint
1963 2373 2023 2396 seu
2044 2363 2237 2404 incurrerit2

371 2426 606 2470 quoquomodo
644 2426 740 2460 nobis
775 2427 826 2460 vel
867 2429 1032 2472 superiori
1070 2429 1186 2459 nostro
1223 2424 1452 2458 tantummodo
1491 2435 1718 2459 reservamus.
1766 2423 1802 2457 In
1840 2434 1979 2469 quorum
2020 2425 2166 2456 omnium
2206 2426 2240 2455 et

372 2487 576 2529 singulorum
615 2487 711 2520 fidem
752 2492 782 2520 et
821 2489 1045 2520 testimonium
1084 2488 1324 2531 premissorum
1363 2489 1539 2531 presentes
1587 2489 1700 2519 nostre
1742 2484 1979 2518 declarationis
2019 2483 2238 2517 absolutionis

372 2546 483 2579 literas
513 2558 571 2579 seu
592 2559 732 2592 presens
761 2547 927 2593 publicum
950 2550 1201 2580 instrumentum
1233 2545 1419 2580 huiusmodi
1447 2550 1594 2580 nostram
1625 2545 1886 2579 declarationem
1915 2548 1948 2579 in
1969 2556 2005 2579 se
2026 2546 2238 2578 continentes

528 2680 541 2693 :i
585 2670 663 2703 orig.
689 2674 847 2695 conventus
