2358 3105
1033 252 1101 286 107

136 362 339 403 astringens,
369 359 409 393 de
433 359 550 404 quibus
580 363 783 405 protestatur
801 358 931 404 publice
952 362 985 390 et
1004 367 1180 402 expresse.
1213 356 1421 400 Quoquidem
1452 354 1561 388 libello
1582 354 1704 388 oblato.
1735 355 1773 386 ad
1798 354 1993 387 deliberan-

137 420 211 454 dum
241 430 342 465 super
371 419 557 453 huiusmodi
589 419 697 453 libello
726 419 813 453 dicto
843 421 1004 463 mag-istro
1035 417 1190 451 Conrado
1231 417 1259 450 id
1291 419 1412 462 petenti
1443 418 1616 448 statuimus
1647 418 1821 448 terminum
1851 426 1994 460 compe-

136 485 271 514 tentem.
312 479 526 513 Advenicnte
556 485 665 513 autem
695 480 881 513 huiusmodi
919 481 1061 512 termino
1084 477 1186 511 nobis
1225 488 1284 523 pro
1315 476 1467 510 tribunali
1506 475 1699 509 sedentibus
1737 480 1994 520 comparuerunt

138 551 251 574 coram
281 539 377 573 nobis
407 543 567 584 magister
595 540 738 574 Matliias
771 544 803 573 et
833 542 993 584 magister
1021 538 1195 572 Conradus
1224 542 1462 583 procuratores
1493 537 1631 582 predicti
1661 536 1848 569 nominibus
1878 535 1996 580 quibus

137 611 257 646 suprag
296 600 381 633 idem
421 603 580 643 magister
619 601 792 635 Conradus
830 599 992 645 quendam
1032 598 1178 632 libellum
1217 598 1556 632 reconvencionalem
1594 608 1654 642 pro
1691 597 1775 629 [licta
1814 608 1871 629 sua
1904 601 1996 641 parte

137 661 272 694 realiter
309 665 342 694 et
379 663 409 694 iu
448 664 578 706 scriptis
617 661 743 703 obtulit,
786 666 819 694 et
847 665 923 694 tunc
957 660 1043 693 dicto
1086 661 1247 703 magistro
1276 658 1421 692 Mathiac
1459 658 1498 691 ad
1529 657 1779 691 deliberandum
1818 668 1918 702 super
1955 668 1995 689 eo

137 724 310 755 statuimus
339 724 514 754 terminum
545 726 802 767 competentem.
831 721 1048 756 Adveniente
1078 719 1265 753 huiusmodi
1295 721 1435 752 termino
1465 729 1577 751 coram
1608 717 1704 751 nobis
1734 721 1763 751 iu
1786 718 1906 751 iudicio
1935 728 1996 763 pro

138 781 292 816 tribunali
314 781 506 815 sedentibus
527 793 565 814 ac
586 781 856 827 comparentibus
876 784 1038 826 magistro
1058 779 1182 814 Mathia
1203 784 1236 813 ct
1256 783 1416 824 magistro
1433 779 1588 813 Conrado
1609 779 1806 812 'l'auliauser
1827 790 1995 824 procura—

139 841 265 875 toribus
294 842 453 887 predictis
475 842 661 875 nominibus
691 842 808 887 quibus
829 853 929 888 supra
951 842 1026 875 dicti
1056 845 1307 886 procuratores,
1337 839 1472 885 quilibet
1492 840 1530 873 ad
1553 840 1824 873 satisfaciendum
1855 842 1995 873 termino

140 902 311 948 respondit
344 901 455 935 libello
494 907 609 936 contra·
640 908 767 948 partem
805 914 898 936 suam
929 902 1039 936 oblato
1078 902 1234 946 negando
1274 905 1404 934 narrata
1445 905 1541 946 prout
1575 905 1709 933 narrata
1739 904 1845 934 erant.
1881 904 1998 945 petens

138 966 239 1009 petita
270 962 340 996 lieri
361 974 427 996 non
457 962 580 995 debere
604 966 714 996 animo
745 963 832 996 litem
863 963 1083 996 contestandi.
1114 962 1275 1007 Datisque
1306 962 1514 1007 postmodum
1545 972 1605 1006 per
1626 961 1730 994 dictos
1759 965 1998 1006 procuratores

139 1023 275 1073 quilibet
312 1034 372 1069 pro
408 1027 501 1068 purte
540 1035 598 1056 sua
639 1024 802 1057 nonnullis
841 1022 1067 1069 posicionibus
1097 1027 1129 1056 et
1158 1022 1306 1055 articulis
1344 1026 1376 1055 et
1412 1024 1512 1054 certis
1550 1021 1591 1054 de
1630 1032 1795 1055 consensu
1833 1021 1993 1054 dictorum

138 1088 395 1130 procuratorum
433 1083 596 1129 deputatis
626 1086 864 1118 commissariis
911 1083 953 1117 ad
983 1083 1210 1128 recipiendum
1242 1087 1356 1125 testes,
1396 1082 1520 1115 litteras
1559 1086 1591 1115 et
1633 1082 1694 1115 alia
1726 1085 1926 1115 munimenta
1957 1083 1994 1114 ad

139 1143 345 1190 probandum
375 1143 563 1177 huiusmodi
593 1145 749 1178 articulos
778 1147 992 1189 receptisque
1022 1154 1082 1189 per
1102 1143 1238 1176 eosdem
1269 1142 1406 1176 testibus
1436 1153 1495 1187 pro
1525 1147 1618 1187 parte
1647 1142 1853 1188 prefatorum
1883 1143 1995 1175 ‹lomi-

138 1216 256 1239 norum
286 1204 413 1238 abbatis
433 1209 466 1237 et
486 1209 673 1238 conventus
702 1205 871 1250 productis
891 1207 1037 1250 ipsisque
1067 1206 1266 1237 examinatis
1287 1215 1326 1236 ac
1348 1206 1493 1248 ipsorum
1524 1204 1619 1236 dictis
1641 1206 1672 1236 in
1693 1206 1824 1249 scriptis
1853 1203 1998 1237 redactis

138 1277 177 1299 ac
215 1265 403 1299 huiusmodi
441 1268 573 1298 testium
603 1265 837 1310 (leposiciones
875 1270 907 1298 et
936 1265 1022 1299 dicta
1061 1270 1093 1298 et
1135 1264 1366 1298 nonnullarum
1406 1264 1588 1297 litterarum
1630 1268 1832 1308 transumpta
1874 1264 1997 1297 clausa.

138 1324 319 1372 sigillata&
349 1325 445 1359 nobis
466 1325 505 1358 ad
527 1325 681 1358 iudicium
705 1328 734 1358 in
757 1328 897 1359 termino
918 1326 957 1358 ad
988 1325 1053 1359 hoc
1073 1329 1196 1359 statuto
1226 1328 1376 1358 remissis
1405 1336 1445 1358 ac
1466 1324 1596 1358 demum
1628 1325 1668 1358 de
1689 1335 1856 1358 consensu
1886 1325 1998 1358 dicto-

138 1398 210 1421 rum
241 1391 497 1432 procuratorum
526 1386 698 1431 publicatis
738 1391 770 1419 et
799 1386 964 1420 nonnullis
994 1385 1257 1431 excepcionibus
1286 1390 1401 1418 contra
1440 1385 1627 1419 huiusmodi
1654 1385 1815 1430 producta
1847 1385 1929 1418 datis
1958 1396 1997 1418 ac

139 1447 271 1481 demum
306 1450 337 1480 in
366 1442 555 1480 huiusmodi
585 1458 685 1480 causa
714 1451 746 1480 ct
775 1449 884 1480 causis
913 1447 954 1480 de
983 1457 1151 1480 consensu
1181 1446 1342 1479 dictorum
1374 1451 1627 1491 procuratorum
1668 1450 1699 1479 et
1736 1457 1877 1479 unacum
1918 1448 1998 1491 ipsis

138 1508 365 1542 conclusimus
403 1518 443 1540 ac
471 1518 531 1553 pro
561 1507 719 1540 concluso
750 1507 923 1540 habuimus
961 1511 994 1540 et
1023 1506 1148 1540 habere
1178 1507 1344 1540 voluimus
1374 1511 1500 1540 certum
1531 1510 1789 1552 peremptorium
1821 1509 1995 1539 terminum

139 1568 179 1602 ad
209 1568 408 1602 audiendum
446 1570 477 1601 in
506 1571 651 1613 presenti
682 1568 938 1601 eonvencionali
977 1572 1010 1601 et
1038 1567 1334 1601 reconvencionali
1363 1579 1463 1600 causa
1502 1572 1533 1600 et
1563 1571 1671 1601 causis
1700 1567 1907 1601 diffinitivam
1938 1578 1996 1600 seu

141 1628 333 1662 diffinitivas
354 1640 414 1674 per
434 1639 495 1662 nos
515 1629 596 1662 ferri
617 1633 647 1661 et
669 1628 873 1673 pronmlgari
893 1630 1098 1662 sentenciam
1119 1632 1151 1660 et
1171 1631 1360 1661 sentencias
1381 1628 1475 1661 dictis
1496 1627 1769 1673 procuratoribus
1789 1627 2000 1673 presentibus

139 1694 172 1722 et
199 1688 386 1734 petentibus
416 1693 611 1729 statuentes„
641 1700 736 1733 quem
760 1700 804 1721 ex
824 1691 925 1722 certis
945 1691 1055 1721 causis
1085 1691 1343 1733 prorogavimus
1372 1689 1410 1721 atl
1430 1689 1517 1721 diem
1546 1693 1578 1722 et
1608 1688 1722 1721 horam
1754 1688 1996 1734 infrascriptos.

141 1749 355 1783 Adveniente
385 1752 494 1794 itaque
515 1749 567 1782 die
589 1753 619 1781 ct
641 1749 721 1782 hora
753 1754 784 1782 et
805 1748 992 1782 huiusmodi
1022 1753 1282 1794 comparuerunt
1310 1760 1423 1782 coram
1444 1749 1539 1782 nobis
1561 1752 1591 1782 in
1614 1749 1733 1783 iudicio
1764 1760 1823 1794 pro
1844 1749 1995 1782 tribunali

139 1809 332 1843 sedentibus
360 1814 597 1855 procuratores
626 1809 764 1855 predicti
793 1809 979 1843 nominibus
1009 1809 1126 1854 quibus
1156 1821 1254 1855 supra
1285 1814 1315 1843 et
1345 1813 1548 1843 sentenciam
1578 1822 1618 1843 ac
1646 1813 1836 1844 sentencias
1865 1810 2000 1855 quilibet

140 1872 288 1915 ipsorum
326 1880 386 1915 pro
416 1874 510 1915 parte
548 1881 606 1903 sua
645 1870 725 1902 ferri
763 1874 795 1903 et
832 1870 1039 1915 promulgari
1078 1881 1152 1903 cum
1184 1873 1345 1903 instancia
1377 1870 1567 1915 postulavit.
1615 1870 1685 1904 Nos
1722 1874 1822 1915 igitur
1850 1871 1997 1904 Thomas

141 1930 255 1973 abbas,
286 1935 507 1964 conservator
536 1935 569 1963 et
598 1931 697 1963 iudex
727 1931 935 1975 supradictus
965 1930 1005 1963 de
1035 1930 1174 1964 consilio
1204 1935 1236 1963 et
1260 1942 1399 1964 assensu
1429 1934 1612 1965 assessoris
1633 1943 1692 1976 pro
1714 1936 1806 1976 parte
1836 1932 1997 1964 dictorum

141 1991 269 2025 abbatis
299 1996 331 2025 et
360 1996 548 2025 conventus
578 1992 676 2025 electi
714 1992 753 2023 att
785 1991 971 2024 huiusmodi
1000 1994 1205 2024 sentenciam
1236 2003 1293 2024 seu
1324 1995 1513 2024 sentencias
1543 1992 1713 2026 ferendam
1753 2004 1810 2025 seu
1842 1992 1999 2025 ferendas

141 2051 462 2097 procedentesreas
499 2054 588 2085 iuxta
626 2055 697 2084 eius
732 2051 904 2084 consilium
940 2054 970 2084 in
1009 2054 1142 2096 scriptis
1180 2052 1312 2086 tulimus
1355 2056 1387 2085 et
1424 2052 1634 2098 presentibus
1673 2053 1809 2086 serimus
1852 2056 1881 2086 in
1913 2053 1999 2085 hune

142 2112 294 2145 modum:
334 2110 433 2145 Cristi
462 2115 596 2145 nomine
624 2115 780 2145 invocato
815 2122 874 2157 pro
905 2111 1056 2145 tribunali
1087 2112 1244 2145 sedentes
1283 2117 1315 2145 et
1344 2112 1506 2146 habentes
1544 2125 1602 2158 pre
1631 2114 1736 2147 oculis
1765 2114 1869 2147 solum
1901 2113 1997 2146 deum

142 2183 201 2217 per
231 2172 317 2206 hanc
345 2177 493 2206 nostram
524 2172 732 2206 diffinitivam
763 2175 980 2206 sentenciam.
1010 2183 1107 2217 quam
1138 2173 1178 2206 de
1208 2175 1288 2206 iuris
1317 2176 1498 2218 peritorum
1530 2174 1668 2207 consilio
1698 2174 1836 2207 ferimus
1876 2177 1905 2206 in
1936 2173 1997 2206 hiis

143 2235 288 2278 scriptis,
318 2236 588 2278 pronunciamus„
614 2233 826 2266 decernimus
847 2238 879 2266 et
898 2233 1128 2266 declaramus:
1160 2233 1264 2266 dictas
1293 2237 1531 2267 recusaciones
1561 2239 1592 2267 et
1612 2237 1865 2279 protracciones
1895 2234 1999 2267 fuisse

142 2298 175 2326 et
202 2304 278 2327 esse
299 2296 495 2326 temerarias
516 2298 547 2327 et
569 2297 705 2327 iniustas
735 2304 864 2326 necnon
893 2298 1146 2338 procuratorem
1177 2293 1253 2327 dieti
1282 2294 1446 2338 quondam
1469 2294 1605 2328 Alsonis
1635 2294 1768 2327 heredis
1797 2299 1829 2327 et
1853 2305 1996 2328 succes—

143 2356 230 2387 soris
258 2352 458 2399 bonorumb)
485 2354 606 2387 domini
629 2353 788 2387 johannis
810 2355 849 2386 (le
871 2353 1027 2387 Vettovia
1049 2354 1359 2399 condempnandum
1381 2359 1411 2387 et
1433 2354 1697 2400 compellendum
1719 2355 1791 2387 l'ore
1812 2366 1851 2388 ac
1871 2358 1947 2398 cogi
1968 2359 2001 2387 et

143 2413 299 2459 compelli
328 2413 451 2447 debere
481 2414 520 2447 ad
542 2414 695 2453 danduun
728 2413 924 2447 solvendum
955 2419 987 2447 et
1007 2414 1245 2459 assignandum
1276 2417 1466 2459 octuaginta
1496 2426 1557 2448 sex
1579 2426 1770 2459 sexagenas
1798 2425 1995 2459 grossorum

143 2473 394 2517 Boemicalnirri,
425 2485 484 2519 pro
513 2485 711 2519 unaquaque
741 2485 913 2518 sexagena
944 2477 1120 2518 sexaginta
1149 2485 1289 2518 grossos
1319 2476 1552 2520 computandQ
1584 2479 1756 2521 ipsumque
1788 2479 1816 2508 in
1839 2478 1999 2520 expensis

143 2536 176 2567 in
198 2533 259 2567 hac
287 2543 387 2567 ‘causa
419 2545 530 2567 coram
561 2534 657 2567 nobis
688 2535 833 2578 legitime
854 2534 950 2567 factis
980 2535 1277 2580 condempnamus,
1307 2546 1443 2579 quarum
1475 2538 1683 2569 taxacioncui
1714 2535 1809 2569 nobis
1830 2539 1998 2581 imposte—

300 2651 330 2693 a)
348 2655 436 2688 Orig..
454 2655 499 2680 die
516 2656 718 2681 Consti-urm„
737 2657 832 2681 wtirtte
851 2656 1024 2687 vei-langen:
1043 2656 1272 2689 dep-‚sicionilms
1288 2677 1293 2682 .
1309 2678 1314 2682 .
1331 2677 1335 2682 .
1355 2656 1437 2681 ‹lictis-
1457 2677 1461 2682 .
1482 2677 1486 2682 .
1507 2678 1511 2682 .
1531 2657 1717 2689 transumptis
1735 2657 1849 2682 <tua—vis.
1868 2658 1999 2684 >igilium

145 2706 177 2744 b)
203 2706 300 2739 Orien:
324 2706 460 2732 bonorum
486 2706 624 2732 bonorum

1848 2768 1896 2792 14⁴-
