2358 3105
1022 208 1068 241 79

115 323 188 345 cum
219 311 345 356 vigiliis
375 310 607 344 defunctorum
638 311 679 344 de
709 311 811 344 tribus
842 310 1047 345 leccionibus
1077 322 1217 344 unacum
1247 310 1409 348 laudibus*
1432 322 1503 343 eum
1528 313 1725 344 visitacione
1746 312 1911 356 sepulchri
1934 312 1974 344 cle

115 383 192 406 sero
230 375 262 405 et
291 371 331 404 dc
369 382 466 404 mane
495 376 526 403 et
565 371 657 416 pulsu
695 372 805 406 solito.
842 382 902 416 pro
932 370 1049 416 quibus
1087 374 1157 416 ipse
1196 372 1342 404 altarista
1373 371 1472 411 dabit„
1503 382 1643 416 quorum
1675 374 1823 405 interest.
1859 373 1974 405 ‹leeem

115 441 276 476 grossos;
306 435 337 464 et
366 433 396 463 in
427 434 573 464 crastino
603 432 643 463 (le
673 443 770 464 mane
799 442 872 464 cum
903 434 1036 475 triginta
1073 434 1181 465 missis
1211 432 1456 473 defunctorum,
1487 432 1643 465 videlicet.
1672 443 1734 464 una
1766 435 1796 464 iu
1826 432 1975 477 predicto

115 492 209 525 altari
237 494 343 525 sancti
363 490 487 525 Matliie
516 492 679 525 cantanda
700 503 804 536 usque
834 492 873 525 ad
905 491 1000 524 linem
1023 496 1050 524 et
1075 495 1196 525 ceteris
1226 492 1400 525 hincinde
1424 492 1587 536 legendis.
1619 504 1677 537 pro
1707 492 1825 537 quibus
1856 497 1884 525 et
1917 504 1975 537 pro

118 553 282 587 cleric-0²¹>
310 552 504 585 sacerdotes
543 557 754 586 convocante
785 557 816 585 et
846 563 905 597 pro
935 555 1092 586 ministris
1122 552 1163 585 ad
1192 555 1310 586 missas
1349 552 1574 585 servientibus
1604 552 1692 586 dabit
1730 556 1863 597 triginta
1894 553 1975 585 duos

115 623 266 657 grossos.
315 612 397 646 ltem
426 617 527 658 ponat
555 624 654 658 supra
685 616 790 657 ipsum
820 613 924 645 altare
954 616 1060 646 sancti
1080 612 1204 646 Mathie
1225 613 1264 645 ad
1287 616 1419 646 missam
1451 613 1646 646 cantandam
1676 618 1816 658 quatuor
1836 624 1975 657 grossos

116 683 176 718 pro
206 672 388 706 offertorio.
419 672 500 706 Item
531 672 620 706 dabit
650 673 851 718 predicatori
881 672 1165 706 Tlieutunicorum
1195 678 1263 707 tres
1291 684 1431 717 grossos
1461 678 1493 706 ct
1522 672 1746 707 Boliemorum
1768 674 1972 719 predicatori

117 733 255 767 alterum
286 733 454 766 dimidium
485 743 652 778 grossum,
684 736 737 778 qui
768 736 901 766 nomina
931 738 1044 767 nostra
1075 745 1149 767 cum
1178 737 1342 779 progenie
1372 738 1486 767 nostra
1507 737 1575 767 suis
1597 737 1749 778 registris
1771 739 1975 768 mortuorum

115 796 274 840 inscripta
304 797 335 827 in
365 797 433 828 suis
462 793 758 827 exhortacionilnis
789 804 880 827 more
909 794 1005 827 solito
1035 794 1232 828 recitabunt.
1280 794 1361 828 Item
1400 799 1498 840 ponat
1536 797 1664 828 vitricis
1703 796 1847 828 ecclesie
1877 806 1976 840 supra

117 854 258 887 tabulam
289 854 373 888 duos
401 865 554 898 grossos.
587 855 666 888 Item
698 854 785 887 dabit
814 857 998 888 sacristano
1028 855 1172 888 ecclesie
1201 866 1301 888 unum
1331 866 1502 899 grossum.
1533 854 1613 888 Item
1645 858 1802 889 ministris
1831 856 1975 889 ecclesie

116 926 216 949 unum
246 926 414 959 grossum.
458 909 543 949 “ltem
574 919 724 949 ministro
754 916 866 949 altaris
895 918 1000 948 saneti
1030 915 1154 949 Mathie
1182 927 1281 948 unum
1311 916 1478 959 grossum.
1528 915 1608 949 Item
1639 915 1840 949 distribuere
1879 916 1977 949 debet

118 978 203 1009 inter
232 987 399 1022 pauperes
429 979 567 1010 tercium
598 976 766 1009 dimidium
796 986 952 1021 grossum
982 987 1043 1021 per
1072 975 1189 1010 obulos
1219 977 1275 1010 vel
1304 987 1364 1021 per
1393 977 1550 1010 denarios
1580 977 1760 1010 secundum
1792 988 1976 1022 pauperum

116 1039 339 1082 presenciam.
370 1036 450 1069 Item
480 1040 551 1082 ipse
579 1037 726 1070 altarista
757 1039 895 1081 recipiat
932 1048 991 1081 pro
1029 1048 1065 1070 se
1104 1036 1186 1071 duos
1224 1048 1375 1081 grossos.
1428 1037 1508 1070 Item
1544 1040 1615 1082 ipse
1644 1037 1791 1070 altarista
1821 1037 1977 1070 ordinare

117 1095 215 1130 debet
243 1101 384 1141 quatuor
420 1107 526 1131 novas
565 1102 596 1130 et
635 1097 772 1142 equales
811 1097 979 1133 candelas,
1017 1097 1196 1142 quamlibet
1234 1097 1274 1130 de
1313 1100 1457 1142 quinque
1494 1097 1679 1131 fei-tonibus
1716 1109 1806 1133 cere.
1837 1102 1978 1142 quatuor

116 1156 327 1191 candelabris
368 1160 470 1202 ipsius
505 1158 618 1191 altaris
660 1158 878 1203 imponendas
920 1157 1004 1191 intra
1045 1158 1235 1202 vigiliarum
1279 1162 1310 1191 et
1351 1160 1496 1190 omnium
1540 1161 1714 1191 missarum
1753 1158 1976 1203 predictarum

118 1217 301 1263 solempnia
340 1229 399 1262 per
436 1222 539 1251 totum
578 1229 771 1255 succensas
809 1223 841 1251 et
880 1221 1011 1262 triginta
1042 1229 1166 1263 parvas
1195 1218 1353 1251 candelas
1383 1221 1477 1262 quasi
1507 1221 1603 1251 unius
1632 1218 1740 1263 palme
1770 1218 1809 1251 ad
1841 1218 1976 1251 easdem

117 1280 252 1323 triginta
282 1280 422 1319 missasg
469 1278 510 1311 ad
540 1290 621 1323 quas
651 1279 807 1313 candelas
836 1282 973 1324 recipiat
1005 1281 1034 1311 in
1055 1278 1236 1312 subsidium
1264 1284 1404 1324 quatuor
1433 1289 1572 1323 grossos
1593 1283 1624 1312 et
1645 1278 1814 1312 residuum
1837 1278 1877 1311 de
1898 1289 1976 1311 cera

116 1341 219 1384 ipsius
248 1338 372 1371 altaris.
420 1338 501 1372 Item
532 1342 608 1384 poni
639 1339 737 1372 dehet
766 1350 865 1385 supra
894 1339 1003 1384 lapide
1033 1343 1109 1371 aute
1138 1342 1245 1384 ipsum
1266 1339 1370 1372 altare
1391 1342 1495 1373 sancti
1515 1339 1640 1373 Maihie
1661 1342 1792 1383 signum
1814 1339 1977 1373 funerale.

118 1398 231 1433 subtus
269 1399 333 1432 tela
362 1398 435 1432 alba
466 1404 497 1432 et
536 1399 681 1445 desuper
709 1403 806 1444 nigro
844 1410 953 1445 panno
983 1402 1105 1433 sericio
1135 1400 1173 1432 ad
1205 1399 1269 1433 hoc
1298 1400 1459 1445 disposito
1489 1404 1719 1445 cooppertum.
1772 1400 1807 1433 In
1837 1411 1977 1445 quorum

118 1461 262 1493 omniun]
293 1462 516 1493 testimonium
546 1471 585 1493 ac
614 1465 808 1505 perpetuam
839 1461 1052 1493 duracionem
1082 1470 1143 1493 nos
1173 1463 1333 1504 magister
1362 1463 1485 1493 civium
1515 1465 1547 1493 et
1576 1463 1672 1493 iurati
1702 1463 1795 1493 cives
1825 1460 1976 1505 predicte

118 1522 262 1553 civitatis
292 1519 498 1554 Bruunensis
527 1523 557 1553 in
588 1521 736 1565 predicta
766 1521 921 1565 originali
957 1520 1051 1554 litera
1090 1524 1282 1554 nominatim
1323 1523 1481 1556 contenti.
1512 1521 1690 1554 collatores
1720 1521 1833 1554 altaris
1870 1524 1976 1554 sancti

116 1579 242 1614 Mathie
277 1580 470 1626 supradicti,
500 1591 643 1614 unacum
673 1581 926 1614 successoribus
963 1584 1097 1624 nostris,
1134 1584 1248 1614 iuratis
1286 1580 1444 1623 scabinis,
1481 1580 1611 1614 civibus
1649 1581 1793 1625 sigillum
1829 1582 1978 1615 eiusdem

118 1645 231 1674 nostre
261 1643 405 1674 civitatis
434 1640 641 1675 Brunnensis
671 1642 709 1674 ad
740 1642 965 1687 predictorum
996 1646 1193 1675 testatorum
1223 1652 1342 1687 preces
1371 1644 1568 1675 instantivas
1598 1642 1753 1675 duximus
1786 1641 1979 1687 benigniter

117 1700 330 1746 presentibus
359 1701 626 1747 appendendum.
674 1701 775 1735 Anno
806 1702 929 1735 domini
957 1702 1132 1736 millesimo
1162 1701 1493 1747 quadringentesimo
1523 1712 1625 1741 nonoq
1655 1702 1737 1736 feria
1769 1707 1884 1747 quarta
1905 1707 1979 1748 post

119 1761 204 1795 diem
235 1765 340 1795 sancti
370 1761 436 1794 Viti
465 1764 609 1795 martiris
638 1762 788 1807 gloriosi.

428 1831 517 1866 Orig.‚
543 1832 638 1866 Perg..
663 1833 755 1866 Siegel
780 1841 816 1857 au
842 1833 964 1858 Pressel.
990 1848 1029 1850 ——
1054 1833 1162 1864 Briinny
1188 1832 1383 1860 Stadtarehiv.

1015 1960 1086 1998 78.

775 2029 981 2072 Sala-weda,
1011 2030 1070 2063 ⁴22.
1100 2030 1184 2063 ,luni
1213 2029 1322 2064 1409.

275 2087 481 2152 N'arkgraf
504 2107 600 2141 Johst
629 2110 806 2152 vercignet
837 2107 897 2140 der
925 2107 1021 2141 stadt
1041 2107 1232 2142 Salzwedel
1251 2108 1440 2153 Hehungen
1459 2120 1518 2143 aus
1538 2108 1695 2142 Putlenze
1716 2108 1783 2141 und
1803 2107 1977 2142 Zietenitz.

427 2186 537 2218 Riedel.
562 2187 633 2215 Cod,
659 2187 766 2212 Branci.
791 2187 826 2215 A.
850 2186 932 2218 XIV,
957 2187 1015 2212 ‘217
1042 2187 1092 2212 mit
1115 2187 1178 2212 dem
1201 2187 1383 2221 uurichtigen
1407 2187 1617 2221 Tagesdatum:
1644 2188 1693 2214 23.
1717 2188 1797 2214 Juni.

1017 2314 1088 2350 79.

775 2383 981 2426 Salz-wedel‚
1012 2384 1073 2418 22.
1103 2384 1188 2418 Juni
1215 2384 1326 2419 1409.

274 2443 479 2507 Markgraf
505 2462 601 2496 Jobst
629 2465 808 2506 vereignet
837 2461 897 2495 der
923 2461 1175 2496 Marienkirche
1203 2474 1244 2496 zu
1274 2463 1465 2497 Salzwedel
1494 2463 1651 2497 mehrere
1681 2474 1748 2497 von
1778 2463 1886 2496 denen
1913 2474 1979 2497 von

122 2522 262 2556 Chuden
290 2522 342 2556 ihr
369 2522 613 2557 uberlassenen
642 2522 841 2567 Hebungen.

429 2593 540 2630 Riedel7
565 2593 637 2619 Cod.
662 2593 768 2619 Brund.
793 2594 828 2620 A.
852 2592 924 2618 XIV
961 2594 1020 2620 218
1041 2593 1092 2618 mit
1115 2593 1178 2619 dem
1201 2593 1382 2627 unrichtigen
1406 2593 1618 2627 Tagesdatum:
1644 2594 1693 2619 23.
1717 2593 1796 2620 Juni.

275 2658 305 2700 a)
331 2662 410 2697 Orig.
436 2663 529 2696 cler03
558 2663 609 2689 das
634 2663 869 2697 vorhergellende
893 2666 921 2688 et
944 2672 1019 2697 ganz
1044 2662 1122 2688 klein
1145 2662 1215 2688 iiber
1238 2663 1288 2688 der
1312 2663 1389 2689 Zeilc
1414 2663 1628 2697 naehgetrageu
