2358 3105
1029 207 1075 240 (57

1015 311 1092 346 (3¹.)-

756 381 1025 424 T‹mgsernm‘mle‚
1058 379 1115 413 13.
1147 380 1221 413 Mae·
1252 379 1359 413 1109.

277 430 472 483 Βο1·111131·(1
502 449 566 483 und
608 449 694 483 Fritz
724 461 791 484 von
829 450 888 483 det·
917 449 1153 493 Schulenlmrg
1189 449 1415 487 beurlmuden,
1456 450 1532 484 dass
1562 450 1717 483 letzterer
1747 461 1822 483 vom
1855 450 1975 483 1113111-

121 510 240 555 graleu
269 509 364 544 Johst
393 510 445 543 fiir
474 513 548 543 eine
578 510 700 543 Schuld
732 521 799 544 von
830 510 902 544 300
932 509 1027 544 Mai-1<
1058 510 1110 543 dic
1139 509 1262 553 Vogtei
1293 509 1483 543 Salzwedel
1515 510 1664 544 erhalteu
1697 511 1793 544 habe.

431 580 540 611 Riedvt,
565 581 635 605 (md.
664 581 767 607 Brund.
792 581 826 606 A.
853 581 888 612 V,
914 581 973 606 375
998 581 1055 605 und
1080 581 1176 609 XVII,
1204 581 1273 605 27⁴).

1015 699 1088 734 w.

129 769 281 814 Weuz-el,
312 771 382 804 Abt
419 772 478 805 cles
509 771 667 804 It'loslers
697 770 882 813 Hradiseh,
917 769 1069 806 lwlsennt.
1100 770 1181 802 dass
1215 769 1276 802 flet·
1308 769 1481 802 Olnmtz-er
1512 769 1647 812 Risi-(ser
1675 769 1812 802 Jolamn
1845 770 1978 813 l'royar

122 832 194 864 dem
224 831 360 865 ‚lahaim
395 832 558 876 (implam
599 831 734 874 b'iiryer
762 841 827 863 ron
860 830 1002 871 Olnmtz,
1038 831 1135 863 einen
1164 829 1369 863 Jalareszins
1408 842 1469 863 ron
1512 830 1584 876 1¹s2
1613 830 1716 863 Marsa·
1753 833 1819 875 (ms
1850 832 1977 864 semem

122 891 213 936 [lofe
241 893 274 925 in
295 892 547 935 Bejstrostlnsstz·
564 894 623 936 fili·
654 891 698 924 15
721 891 823 924 Mat-lc
851 891 1011 935 vet-lmus!
1039 890 1138 923 lmbe.
1166 911 1205 914 ——
1230 890 1289 924 Dc.
1312 891 1452 924 lt'loster
1473 890 1657 926 Hradisele.
1690 890 1747 924 14.
1771 891 1845 925 Μαί
1867 890 1975 924 1409.

275 959 363 1014 Nos
401 980 624 1013 Weneeslaus
669 981 888 1012 miseracione
932 978 1042 1012 divina
1085 978 1187 1011 abbas
1229 981 1422 1012 monasterii
1466 978 1680 1011 Gradicensis
1727 983 1822 1011 extra
1867 989 1978 1011 muros

120 1039 364 1084 Olomucegses
393 1045 505 1073 notum
536 1040 675 1073 facimus
704 1044 822 1072 tenore
850 1042 1060 1085 presencium
1101 1042 1280 1081 universis,
1310 1039 1487 1085 providum
1519 1042 1625 1072 virum
1656 1038 1817 1072 Joannem
1849 1038 1978 1083 Progar

119 1103 227 1134 civem
268 1100 539 1143 Olomucensemq
583 1100 712 1133 fidelem
756 1100 924 1136 (1110010111,
955 1099 996 1132 (10
1032 1099 1201 1133 voluntate
1244 1100 1384 1133 honeste
1422 1099 1639 1143 Margarethe
1682 1099 1888 1133 conthoralis
1917 1111 1976 1133 500

118 1160 265 1205 legitime
304 1165 440 1206 propter
474 1163 693 1194 necessitates
732 1171 809 1194 suas
838 1160 971 1199 arduas„
1010 1160 1128 1204 quibus
1157 1163 1329 1205 premitur⁷
1368 1163 1453 1194 iusto
1483 1163 1667 1205 empcionis
1705 1164 1738 1193 et
1766 1160 1975 1194 vendicionis

117 1221 210 1255 titulo
239 1221 432 1255 vendidisse
468 1221 620 1266 prudenti
651 1224 724 1255 viro
761 1221 905 1255 Johanni
944 1221 1031 1254 dicto
1062 1220 1205 1266 (iroplar
1240 1224 1305 1255 civi
1336 1221 1562 1263 otonmcensi,
1599 1223 1697 1254 uxori
1733 1225 1764 1253 et
1798 1220 1977 1254 heredibus

117 1285 219 1328 ipsius
256 1293 354 1315 unam
394 1293 540 1315 1113103111
580 1293 654 1316 cum
694 1282 800 1315 media
839 1292 1035 1326 grossorum
1086 1281 1298 1314 denariorum
1339 1281 1554 1325 Pragensium
1594 1281 1808 1315 Moravicalis
1846 1284 1976 1314 numeri

117 1347 150 1376 et
178 1346 366 1388 pagamenti
396 1345 470 1376 veri
508 1346 591 1376 certi
629 1354 749 1376 census
788 1346 886 1376 annui
924 1343 964 1375 de
993 1346 1026 1375 ct
1054 1353 1156 1387 super
1185 1345 1275 1375 curia
1305 1342 1448 1375 allodiali
1487 1342 1625 1375 duorum
1656 1342 1840 1384 laneorum,
1879 1352 1976 1386 quam

116 1403 202 1437 idem
232 1402 405 1437 Johannes
435 1403 563 1447 Progar
600 1402 660 1436 sub
691 1402 785 1436 nobis
824 1407 856 1436 et
885 1405 1088 1436 monasterio
1117 1407 1233 1435 nostro
1267 1406 1298 1435 in
1328 1402 1405 1436 villa
1438 1402 1627 1436 llestroeziz
1665 1402 1705 1435 ab
1735 1405 1824 1435 omni
1854 1402 1974 1435 tributo

117 1463 255 1498 liberam
286 1468 318 1497 in
338 1467 518 1498 servicium
548 1464 756 1507 dig-noscitur
776 1463 939 1506 obtinere,
969 1474 1028 1508 pro
1049 1463 1238 1508 quindecim
1268 1466 1390 1496 marcis
1410 1474 1607 1507 grossorum
1637 1466 1768 1501 numeri,
1788 1467 1819 1496 et
1840 1467 1973 1496 monete

116 1525 353 1570 predictorum
392 1525 534 1569 singulis
572 1527 665 1558 annis
702 1535 762 1570 per
801 1524 945 1558 medium
984 1527 1016 1557 in
1054 1524 1192 1567 Georgii
1232 1528 1264 1557 et
1302 1524 1445 1557 medium
1484 1526 1514 1557 in
1548 1523 1743 1557 Wenceslai
1781 1528 1973 1557 sanctorum

116 1585 350 1620 festivitatibus
388 1586 594 1631 porrigendi„
624 1585 770 1622 levandn
810 1585 943 1618 tollendi
982 1589 1014 1618 et
1050 1584 1220 1629 exigendi.
1264 1584 1306 1618 Et
1334 1587 1365 1617 in
1404 1596 1496 1625 casu,
1533 1584 1586 1617 ubi
1624 1584 1772 1629 prefatus
1801 1584 1974 1618 Johannes

115 1647 244 1692 Progar
272 1650 304 1680 in
333 1649 554 1692 porreccione
591 1658 630 1679 ac
659 1646 830 1679 solucione
863 1645 940 1679 dicti
978 1656 1099 1679 census
1129 1645 1183 1678 vel
1213 1645 1357 1678 heredes
1398 1647 1497 1690 ipsius
1527 1648 1656 1678 remissi
1695 1656 1734 1678 ac
1762 1645 1974 1689 negligentes

115 1709 238 1753 reperti
259 1706 393 1746 fuerint„
423 1718 467 1740 ex
488 1711 564 1740 tune
586 1710 712 1740 tociens
733 1709 893 1751 quociens
923 1706 987 1739 hoc
1007 1706 1177 1748 acciderit„
1207 1709 1410 1751 purgravius
1430 1707 1485 1740 vel
1514 1706 1683 1751 prefectus
1705 1706 1758 1739 vel
1779 1708 1967 1750 prepositus

114 1771 219 1801 nostri
239 1770 431 1801 monasterii
452 1778 511 1813 pro
532 1771 625 1813 parte
647 1767 722 1800 dicti
743 1766 904 1800 Johannis
925 1765 1070 1811 Groplar
1090 1766 1144 1799 vel
1166 1765 1326 1799 heredum
1347 1778 1386 1799 ac
1406 1777 1642 1800 successorum
1664 1777 1798 1800 suorum
1821 1768 1970 1810 requisi-

115 1833 165 1862 tus
187 1831 295 1863 statim
312 1832 401 1862 omni
422 1829 585 1862 dilacione
600 1832 794 1873 postergata
816 1827 950 1861 debebit.
969 1832 1002 1860 et
1022 1831 1153 1860 tenetur
1174 1827 1295 1860 dictum
1310 1827 1496 1860 Johannem
1515 1826 1643 1870 Progar
1659 1826 1713 1859 vel
1733 1837 1811 1859 suos
1831 1825 1972 1859 heredes

115 1900 174 1923 seu
211 1900 430 1923 successores
467 1893 521 1922 aut
558 1899 775 1934 possessores
804 1891 896 1921 curie
924 1890 1110 1934 prescripte
1138 1899 1198 1933 per
1226 1890 1521 1932 impignoracionis
1550 1898 1668 1932 penam
1703 1891 1736 1920 et
1764 1887 1837 1920 aliis
1868 1886 1972 1920 modis

114 1953 287 1996 oportunis
316 1950 356 1983 ad
386 1950 592 1983 solucionem
620 1950 696 1983 dicti
725 1960 845 1982 census
874 1952 993 1982 retenti
1023 1948 1226 1993 compellere
1256 1952 1287 1980 et
1316 1959 1389 1980 cum
1419 1948 1539 1981 ell'eetu
1568 1952 1735 1981 coactare.
1766 1947 1839 1981 Hoc
1868 1950 1972 1980 eciam

114 2011 257 2053 adiecto,
287 2011 375 2056 quod
412 2010 525 2044 licebit
553 2011 639 2044 dicto
669 2010 812 2043 Johanni
842 2009 982 2053 Progar,
1013 2008 1191 2042 heredibus
1221 2013 1253 2042 et
1281 2008 1533 2043 successoribus
1563 2011 1631 2042 suis
1661 2019 1858 2053 quocunque
1888 2018 1973 2041 anno

114 2083 174 2106 seu
194 2076 345 2117 tempore
366 2071 518 2114 affutum,
540 2071 671 2116 quando
692 2071 888 2115 opulencior
917 2069 978 2103 sibi
999 2072 1150 2102 arriserit
1171 2068 1314 2112 fortuna„
1345 2069 1465 2102 dictum
1488 2080 1625 2103 censum
1646 2080 1705 2114 per
1726 2069 1970 2113 equivalentem

113 2142 274 2165 summam
304 2134 532 2177 pecuniarum„
571 2132 687 2165 solutis
717 2133 808 2176 prius
842 2129 997 2163 censibus
1027 2133 1177 2173 10100115,
1214 2130 1393 2165 redimere.
1432 2130 1615 2163 exsolvere
1654 2134 1686 2162 et
1715 2140 1868 2163 reemero
1898 2140 1970 2161 eum

113 2191 245 2225 effectu.
292 2192 346 2225 Ad
389 2192 621 2237 quamquidem
666 2194 875 2236 empcionem
921 2194 953 2223 et
990 2190 1226 2224 vendicionem
1265 2202 1326 2224 nos
1364 2191 1587 2224 Wonceslaus
1625 2189 1727 2223 abbas
1766 2192 1971 2235 prescriptus

114 2257 264 2287 nostrum
301 2252 440 2286 liberum
466 2252 670 2297 ¹prebuimus
714 2256 744 2285 et
782 2251 993 2297 presentibus
1031 2251 1200 2296 prebimus
1239 2262 1439 2284 consensum
1478 2254 1602 2296 pariter
1641 2255 1887 2287 01355011511111ἡ
1926 2253 1973 2283 sic

113 2313 201 2359 quod
239 2324 304 2347 non
346 2312 498 2347 obstante
536 2313 707 2347 solucione
737 2323 858 2345 census
888 2311 1076 2345 huiusmodi
1113 2312 1219 2346 dictus
1261 2312 1433 2345 Johannes
1463 2312 1602 2356 Progar„
1641 2311 1785 2345 heredes
1823 2315 1855 2344 et
1884 2321 1969 2343 sue-

113 2385 269 2408 cessores
305 2376 355 2407 sui
390 2373 486 2407 nobis
524 2373 758 2407 nichilominus
795 2377 830 2406 ut
866 2375 957 2418 prius
994 2373 1033 2406 ad
1072 2373 1204 2418 plenum
1243 2373 1437 2406 deserviant
1479 2377 1511 2405 et
1548 2372 1704 2406 obediant
1741 2374 1813 2405 sine
1851 2374 1968 2415 quavis

113 2445 253 2468 onerum
292 2439 324 2467 et
362 2434 664 2468 incumbenciarum
707 2433 802 2467 nobis
840 2433 1024 2466 debitorum
1069 2434 1302 2467 diminucione.
1351 2433 1387 2466 lu
1430 2444 1569 2478 quorum
1612 2436 1755 2466 omnium
1800 2431 1902 2465 robur
1939 2436 1971 2463 et

114 2498 336 2530 testimouium
376 2498 615 2540 prem1ssorum
654 2494 798 2539 sigillum
837 2499 985 2527 nostrum
1025 2497 1226 2527 autenticum
1265 2494 1478 2540 presentibus
1521 2498 1570 2527 est
1608 2504 1802 2538 appensum.
1851 2493 1969 2525 Datum

112 2559 144 2589 in
175 2558 377 2590 monasterio
407 2554 602 2589 Gradicensi
639 2555 801 2601 'predictoff
840 2565 926 2588 anno
965 2555 1139 2588 millesimo
1178 2554 1507 2599 qua(li-ingentesimo
1545 2564 1645 2597 nono⁷
1686 2553 1767 2586 l'eria
1809 2555 1910 2585 tercia
1941 2555 1971 2585 in

113 2615 229 2650 diebus
258 2618 488 2660 rogacionum.

422 2676 562 2702 Einfache
578 2676 729 2702 Absehrift
752 2685 825 2702 sas-e.
844 2676 941 2703 XVII.
963 2691 996 2695 —-
1016 2676 1122 2705 Briinn,
1150 2676 1373 2711 Laudesarehiv,
1401 2672 1592 2701 ltoezek'sche
1610 2674 1783 2707 Sammlung,
1807 2673 1858 2700 Nr.
1877 2674 1969 2699 5158.

1834 2732 1865 2755 ‹Js
