2358 3105
1021 257 1088 290 115

123 356 219 391 Nova
250 356 347 390 Curia
379 362 410 390 et
439 368 540 403 super
569 358 721 393 omuibus
742 364 773 392 et
793 360 931 401 singulis
954 363 1170 406 pertinenciis
1199 363 1300 406 ipsius
1330 373 1461 395 necnon
1484 373 1585 407 super
1614 363 1767 396 omuibus
1789 369 1820 396 et
1841 365 1979 403 singulis

123 418 194 452 aliis
223 417 318 451 bouis
338 420 461 451 nostris
482 421 554 451 sive
585 423 775 453 monasterii
798 424 901 454 nostri
932 422 1089 456 antedicti
1118 421 1253 455 ubilibet
1274 421 1393 455 habitis
1414 422 1529 456 decem
1562 435 1755 462 sexagenas
1784 436 1979 468 grossorum

123 478 340 523 l'ragensium
371 481 469 511 annui
496 483 528 512 et
557 484 705 524 perpetui
736 492 857 515 census
887 492 946 526 pro
976 487 1108 515 centum
1140 485 1323 527 sexagenis
1343 495 1539 527 grossorum
1561 484 1723 517 dictorum
1755 485 1979 518 ‹lt-uariorum.

123 550 205 584 quos
235 551 252 572 a
283 539 369 573 dicto
408 538 588 572 (Tzenkonv
628 545 765 585 pecunia
809 546 1020 588 percepimus
1065 546 1240 588 inparata
1279 547 1309 576 et
1352 546 1382 576 iu
1415 555 1491 577 usus
1530 548 1632 577 nostri
1672 548 1863 578 monasterii
1893 558 1979 578 eou—

123 603 285 634 vertimus
315 600 483 634 meliores.
534 601 768 646 Cuiusquidem
799 614 921 636 census
953 603 1162 636 medietatem
1194 608 1357 638 tenemur.
1397 603 1555 637 debemus
1585 609 1617 637 et
1646 608 1865 650 promittinms
1894 605 1978 638 bona

122 665 235 695 nostra
265 660 328 694 fide
358 660 484 706 absque
514 661 589 694 dolo
619 667 649 695 et
680 663 795 696 l'raude
824 663 974 708 predicto
1015 662 1186 697 Czenkoni
1225 668 1258 697 et
1295 667 1391 697 uxori
1428 667 1499 697 eius
1535 665 1696 709 legittime
1726 665 1909 710 Elyzabeth
1940 677 1978 698 ac

123 720 303 755 heredibus
333 724 478 766 ipsorum
508 721 665 766 legitimis
694 724 912 757 ell'ectualiter
941 726 1035 757 anuis
1065 724 1206 768 singulis
1236 724 1370 757 solvere
1400 729 1432 758 et
1461 736 1638 770 peragere.
1666 728 1695 759 in
1718 726 1803 759 festo
1826 726 1976 759 videlieet

125 786 229 816 sancti
259 781 341 815 Galli
372 784 525 827 proxime
555 794 640 815 mm«-
672 788 812 817 venturo
842 787 987 829 quinque
1025 795 1216 829 sexagenas
1254 796 1450 829 grossorum
1489 785 1743 822 antedictorum.
1774 791 1802 820 et
1834 790 1864 820 iu
1894 787 1979 820 l'esto

123 845 228 877 sancti
259 841 396 887 Georgii
426 846 502 875 tunc
533 845 671 877 vicinius
701 848 856 877 secuturo
886 845 1036 878 similiter
1065 848 1210 890 quinque
1239 857 1430 890 sexagenas
1459 857 1655 891 grossorum
1686 850 1925 892 premissorum
1947 853 1975 881 et

124 907 172 938 sic
201 903 358 948 deinceps
387 903 578 936 censuando
608 907 701 937 aunis
731 905 869 948 singulis
900 905 1104 950 temporibus
1134 909 1304 951 perpetuis
1334 907 1492 940 all'uturis.
1525 907 1617 948 Quod
1649 910 1675 940 si
1701 919 1766 941 uon
1788 907 1979 942 fecerimus.

125 964 210 1009 quod
254 963 349 1007 absit.
393 968 425 997 et
466 968 539 1009 post
581 964 727 1009 elapsum
767 966 1017 1010 ‹piatuordeeim
1059 966 1186 1000 dierum
1226 970 1442 1001 terminorum
1486 971 1723 1013 premissorum
1766 969 1978 1013 negligentes

124 1027 344 1067 extiterimus,
380 1029 503 1058 extunc
541 1025 689 1069 prefatus
728 1025 863 1059 (fzcnko
893 1031 925 1060 et
954 1038 1040 1060 uxor
1078 1030 1148 1060 eius
1186 1028 1345 1072 legittima
1376 1027 1559 1073 Elyzabeth
1591 1040 1628 1061 ac
1659 1029 1803 1063 heredes
1833 1033 1978 1075 ipsorum

124 1088 321 1119 auctoritate
350 1083 525 1119 cuiuslibet
555 1084 695 1119 hominis
725 1087 949 1121 omnimodam
980 1087 1149 1121 habebunt
1177 1093 1386 1134 potestatem,
1418 1092 1527 1122 omnia
1548 1088 1632 1122 bona
1663 1090 1812 1123 eiusdem
1837 1093 1928 1123 curie
1949 1095 1977 1123 el

124 1149 233 1179 onmia
273 1150 303 1179 et
341 1145 470 1190 singula
509 1146 570 1179 alia
607 1145 690 1179 bona
730 1152 842 1180 nostra
873 1147 1009 1181 ubilibet
1047 1152 1225 1182 constituta
1265 1154 1297 1183 et
1324 1149 1478 1183 homines
1517 1155 1649 1184 nostros
1679 1155 1710 1184 et
1739 1151 1823 1184 bona
1863 1162 1977 1184 eorum

125 1206 259 1240 ubilibet
301 1211 433 1252 reperta
472 1206 669 1240 arrestandi.
713 1209 910 1253 occupandi.
954 1209 1200 1254 impignorandi
1244 1213 1380 1255 ipsaque
1416 1213 1556 1255 pignora
1597 1214 1681 1244 iuter
1710 1211 1919 1245 Christianos
1948 1217 1977 1244 et

123 1266 248 1301 Judeos
269 1266 437 1312 obligandi
458 1278 517 1300 seu
539 1268 703 1301 vendendi
726 1280 830 1313 usque
851 1269 889 1301 ad
912 1269 1092 1314 plenariam
1116 1270 1383 1303 satisfaccionem
1406 1282 1564 1304 censuum
1595 1272 1819 1316 predictorum
1850 1283 1978 1305 necnon

126 1329 342 1374 dampnorum
388 1328 461 1361 inde
490 1328 651 1372 legittime
681 1333 940 1368 contractoruun
980 1341 1042 1374 que
1073 1330 1282 1364 documentis
1320 1330 1544 1376 probabilibus
1574 1337 1709 1377 possent
1739 1333 1874 1365 edoceri
1904 1344 1978 1366 cum

124 1389 247 1423 auxilio
278 1389 445 1422 hominum
477 1399 760 1433 quorumcunque.
818 1389 975 1424 Preterea
1006 1394 1256 1436 prenominatus
1287 1390 1422 1425 Czenko
1452 1392 1557 1425 dictus
1583 1391 1699 1437 Czyrtt
1729 1403 1788 1426 suo
1818 1404 1978 1426 suorum-

124 1462 187 1495 que
226 1449 385 1484 heredum
416 1454 446 1482 et
477 1453 621 1483 omnium
665 1461 899 1484 successorum
939 1462 1074 1484 suorum
1118 1455 1252 1485 nomine
1294 1455 1490 1485 auctoritate
1519 1456 1729 1498 presencium
1760 1453 1845 1486 hanc
1883 1452 1978 1486 nobis

124 1515 156 1544 et
185 1513 388 1544 monasterio
418 1515 532 1544 nostro
562 1522 692 1544 necnon
730 1511 982 1546 successoribus
1021 1515 1142 1546 nostris
1181 1512 1259 1546 facit
1287 1516 1436 1557 graciam
1466 1514 1645 1559 specialem
1676 1515 1787 1548 divine
1817 1525 1977 1548 renume-

123 1574 268 1605 racionis
298 1574 425 1614 intuitu,
456 1572 542 1616 quod
582 1571 713 1616 quaudo
753 1571 847 1605 nobis
886 1577 941 1605 aut
977 1572 1230 1606 suecessoribus
1272 1567 1395 1607 nostris
1438 1574 1568 1607 fortuna
1611 1578 1766 1620 pinguior
1817 1578 1978 1614 arriserit,

124 1637 247 1665 extunc
268 1632 493 1677 supradictum
510 1643 646 1666 censum
664 1632 823 1666 videlicet
840 1632 957 1666 decem
974 1644 1167 1676 sexagenas
1184 1644 1379 1678 grossorum
1394 1634 1610 1679 Pragensium
1628 1647 1782 1669 reemere
1797 1639 1979 1681 poterimus

127 1697 159 1726 et
188 1692 384 1726 debebimus
422 1704 481 1738 pro
511 1698 642 1727 centum
673 1696 854 1738 sexagenis
893 1703 1092 1737 grossorum
1130 1694 1354 1739 predictorum
1394 1695 1481 1728 nullo
1524 1707 1721 1740 possessore
1766 1699 1977 1741 presencium

125 1753 375 1787 contradicente
404 1758 459 1786 aut
488 1754 758 1787 contradiccione
788 1753 933 1798 qualibet
963 1765 1021 1787 seu
1052 1757 1230 1787 occasione
1252 1766 1317 1788 non
1338 1755 1489 1789 obstante
1510 1767 1785 1801 (piorumcuiuple
1811 1756 1978 1789 homiuum

124 1814 429 1848 ecclesiasticorum
452 1825 511 1848 seu
541 1815 739 1849 secularium
756 1825 989 1860 personarum.
1009 1817 1267 1848 renuueeiantes
1297 1815 1529 1849 nichilominus
1550 1819 1636 1850 omni
1661 1819 1720 1850 iuri
1746 1822 1810 1850 tam
1837 1817 1980 1850 seculari

124 1886 221 1919 quam
252 1876 413 1921 spirituali
443 1880 475 1909 et
503 1875 607 1908 literis
637 1875 755 1908 habitis
785 1880 814 1908 et
846 1875 1006 1908 habendis
1036 1886 1102 1908 non
1133 1875 1338 1909 obstantibus
1368 1876 1630 1922 quibuscunque.
1654 1877 1693 1910 Et
1723 1880 1776 1922 qui
1806 1882 1980 1923 presentes

124 1935 299 1970 habuerint.
327 1936 368 1969 de
397 1935 482 1969 hona
513 1936 683 1969 voluntate
713 1936 789 1968 dicti
820 1934 1010 1969 Czonkonis
1040 1940 1071 1969 et
1100 1939 1216 1970 uxoris
1245 1940 1316 1970 eius
1345 1937 1505 1981 legittime
1534 1937 1719 1983 Elyzabeth
1750 1949 1788 1971 ac
1820 1938 1977 1971 heredum

124 2000 283 2042 ipsorum,
313 1997 438 2030 eisdem
469 1999 625 2041 competit
655 1999 703 2029 ius
733 1999 877 2029 omnium
909 1999 1164 2040 premissorum.
1196 1996 1230 2030 Iu
1261 2000 1353 2030 cuius
1382 2000 1429 2030 rei
1460 2001 1682 2031 testimonium
1713 2003 1743 2031 et
1769 1998 1977 2031 evidenciam

125 2045 303 2091 clai-iorem
333 2057 440 2102 sigilla
471 2062 585 2091 nostra
615 2056 742 2090 abbatis
772 2062 800 2089 et
833 2061 1019 2090 conventus
1050 2060 1289 2102 premissorum
1319 2057 1530 2103 presentibus
1559 2063 1633 2091 sunt
1662 2070 1819 2104 appensa.
1860 2059 1979 2092 Datum

125 2123 157 2151 et
185 2122 293 2150 actum
324 2129 410 2151 anno
440 2119 563 2151 domiui
593 2118 765 2151 millesimo
795 2117 1127 2162 quadringentesimo
1166 2118 1309 2160 decimo,
1338 2122 1493 2163 proximo
1522 2119 1660 2152 sabbato
1690 2121 1742 2153 die
1763 2124 1838 2153 aute
1868 2120 1980 2152 domi—

125 2181 232 2212 nicam
265 2178 508 2212 Reminiscere.

436 2249 524 2282 (hig,
542 2250 633 2282 Pcrg..
651 2249 718 2273 zwei
745 2258 779 2273 au
806 2248 938 2273 Presselu
962 2248 1113 2281 haugende
1137 2248 1241 2283 Siegel.
1262 2265 1303 2268 ἡ
1326 2250 1419 2286 Iglau7
1445 2250 1637 2287 Stadtareidv,
1664 2251 1739 2275 Faeli
1766 2251 1814 2276 QG.
1838 2250 1887 2276 ΝΓ-
1911 2254 1938 2276 Η.

1004 2445 1106 2482 125.

791 2515 893 2558 Pruy.
924 2514 982 2548 23.
1014 2515 1173 2548 Febr-mn·
1203 2514 1312 2548 1410.

283 2573 490 2637 ''arkgral'
513 2593 608 2627 Jobst
638 2593 770 2627 ersucht
802 2594 853 2626 die
884 2592 1010 2626 Siande
1041 2593 1098 2626 der
1127 2592 1243 2626 Neuen
1272 2592 1368 2626 Mai-k
1398 2592 1651 2629 Bramleuburff.
1692 2593 1743 2625 die
1773 2592 1981 2626 Streitsaehe

126 2652 296 2686 zwischen
319 2652 431 2686 Berlin
453 2654 515 2686 und
538 2653 676 2687 Dittrich
700 2665 765 2686 von
788 2655 943 2694 Quitzow
965 2664 1027 2686 vor
1049 2653 1110 2686 den
1133 2653 1171 2686 H.
1190 2653 1384 2686 Swantibor
1404 2664 1461 2685 zur
1483 2652 1734 2696 Entselieidung
1754 2664 1792 2685 zu
1825 2652 1978 2697 bringen.

439 2723 547 2749 Riedel.
571 2723 643 2749 Cod.
662 2723 767 2748 Brund.
786 2724 884 2756 Suppl.
905 2724 962 2748 2¹:37
990 2724 1038 2748 init
1065 2724 1126 2747 dviii
1152 2724 1281 2749 {alst-hen
1309 2724 1429 2750 Datum:
1457 2724 1505 2749 24,
1526 2723 1659 2749 1·“(,·1ιι·υ;11·.

1826 2781 1874 2804 15*
