2358 3105
1035 199 1102 232 153

136 308 248 349 igitur,
279 309 312 337 ut
340 303 467 349 capella
496 306 600 336 sancti
631 303 768 347 (icorgii
800 306 956 348 martyris
992 303 1031 336 ab
1062 303 1204 336 ccclesia
1245 302 1444 347 parrochiali
1476 305 1580 335 sancti
1612 301 1782 335 Michaelis
1813 305 1843 335 in
1876 301 1993 335 Radiss

138 366 370 399 Olomucensis
390 364 533 397 diocesis
555 363 759 408 dependens.
782 367 811 396 in
833 375 895 408 qua
917 364 1046 408 quidem
1069 363 1195 408 capella
1226 374 1283 395 seu
1315 362 1400 395 liliali
1430 362 1574 395 ecclcsia
1596 365 1699 395 sancti
1722 362 1858 399 (icore-ii
1890 373 1993 407 prac—

138 426 224 460 dicta
266 424 400 458 cottidie
444 426 617 457 missarum
662 425 855 458 solenniitas
893 424 932 457 ad
973 424 1134 457 honorem
1177 425 1412 468 omnipotentis
1451 422 1503 455 dci
1539 427 1571 455 ct
1600 425 1712 455 matris
1743 434 1822 455 51131-
1853 425 1994 463 virginis

136 486 263 521 Mariae
291 485 461 529 gloriosae
491 488 521 518 in
551 497 671 518 aurora
703 486 910 519 decantatur.
941 487 1099 528 congruis
1129 483 1311 517 honoribus
1341 483 1580 527 frequentetur,
1611 486 1643 515 et
1673 487 1703 515 ut
1733 481 1854 515 Christi
1881 482 1995 515 tidclcs

136 548 285 580 universi
321 557 362 580 eo
401 545 553 579 libentius
596 557 696 579 causa
739 546 928 579 devotionis
966 547 1054 577 omni
1097 544 1149 577 (lie
1187 543 1354 577 confluant
1385 543 1423 575 ad
1462 543 1614 577 candem.
1653 554 1717 587 quo
1749 542 1866 575 ibidem
1907 543 1994 575 dono

136 607 295 641 coelestis
323 609 452 651 gratiae
481 609 686 651 conspiciant
722 618 757 638 sc
787 605 945 647 refectos.
976 605 1016 637 de
1037 607 1272 649 omnipotentis
1301 603 1353 636 dei
1384 603 1612 636 misericordia
1643 608 1673 635 et
1704 602 1875 635 beatorum
1907 602 1994 635 Petri

136 673 169 701 et
187 667 277 701 Pauli
297 667 525 713 apostolorum
547 670 626 707 eiust
648 670 773 700 meritis
803 670 834 699 et
864 664 1161 699 intercessionibus
1193 663 1308 697 conlisi
1339 663 1490 696 omnibus
1519 674 1602 696 vere
1632 662 1876 708 poenitentibus
1906 673 1994 695 con-

136 728 234 762 fessis
255 732 287 761 et
307 729 569 770 communicatis.
591 730 643 772 qui
667 730 695 760 in
727 729 918 765 nativitatis,
949 728 1223 759 circumcisionis.
1246 723 1455 769 epiphaniae.
1486 725 1753 759 resurrectionis.
1788 725 1994 756 ascensionis

136 791 287 834 corporis
307 789 430 822 domini
449 790 554 821 nostri
575 787 654 820 Jesu
677 787 811 827 t'lirisu.
832 791 1044 833 pentecostes
1065 796 1196 819 necnon
1225 787 1420 818 nativitatis.
1452 783 1701 829 purificationis.
1722 786 1991 817 annuntiationis.

136 852 370 895 assumptionis
399 848 518 882 beatae
547 848 673 881 Maria«¹
705 851 856 891 virginis,
888 850 1068 881 nativitatis
1098 846 1185 879 beati
1213 846 1351 879 Joannis
1389 857 1429 878 ac
1457 845 1676 878 dedicationis
1708 843 1865 877 basilicae
1895 856 1932 878 ac
1962 847 1993 878 in

136 909 371 944 festivitatibus
399 912 505 943 sancti
534 908 661 942 Nicolai
693 909 898 942 confessoris
924 913 955 941 et
984 907 1154 941 beatarum
1185 906 1397 942 Catharinae.
1429 905 1598 939 Barbarae
1627 910 1659 938 et
1688 904 1882 938 Dorotheae
1914 908 1992 939 vir-

135 973 249 1015 ginum
280 969 515 1004 festivitatibus
549 969 585 1003 'et
614 968 894 1002 celebrationibus
930 973 1076 1002 omnium
1114 973 1303 1001 sanctorum
1342 978 1473 1000 necnon
1512 966 1756 1011 praedictorum
1798 968 1994 1002 nativitatis.

136 1030 346 1077 epiphaniae,
376 1033 646 1066 resurrectionis.
676 1033 884 1064 ascensionis
914 1034 946 1063 et
974 1032 1125 1075 corporis
1156 1029 1279 1062 domini
1310 1031 1413 1061 nostri
1442 1027 1522 1061 Jesu
1553 1027 1686 1060 Christi.
1720 1026 1837 1060 beatae
1865 1026 1993 1060 Mariae

136 1094 278 1136 virginis
311 1096 344 1125 et
362 1090 534 1125 beatorum
558 1091 645 1124 Petri
666 1095 694 1123 et
720 1090 806 1123 Pauli
836 1090 1061 1136 apostolorum
1094 1091 1310 1123 festivitatum
1341 1091 1469 1122 octavis
1499 1092 1531 1121 et
1557 1099 1617 1121 sex
1648 1087 1718 1121 dies
1748 1087 1992 1133 praedictarum

135 1152 352 1186 festivitatum
394 1155 619 1198 pentecostes.
658 1154 850 1193 nativitatis.
881 1154 1031 1196 corporis
1071 1150 1193 1184 domini
1231 1153 1336 1183 nostri
1373 1149 1453 1182 Jesu
1500 1147 1621 1182 Christi
1660 1152 1691 1181 et
1734 1150 1992 1181 resurrectionis

135 1213 325 1247 immediate
362 1216 541 1258 sequentes
579 1212 718 1245 eandem
754 1212 912 1257 capellam
943 1211 1065 1244 devote
1106 1213 1317 1244 visitaverint
1355 1212 1522 1243 annuatim
1562 1214 1593 1241 et
1628 1209 1667 1241 ad
1697 1211 1992 1242 conservationem

135 1273 283 1308 fabricae
312 1273 461 1307 eiusdem
490 1273 638 1318 capellae
668 1284 784 1306 manus
821 1275 1035 1317 porrexerint
1064 1271 1255 1306 adiutrices.
1294 1274 1388 1304 annis
1418 1275 1449 1303 et
1479 1269 1595 1303 diebus
1624 1268 1764 1313 singulis
1793 1279 1854 1301 nos
1883 1270 1992 1313 patri—

135 1334 238 1368 archa
267 1338 399 1368 centum
428 1334 498 1368 dies
527 1334 806 1377 indulgentiarum
845 1333 885 1366 (le
914 1335 1068 1366 iniunctis
1097 1335 1144 1365 eis
1182 1333 1408 1377 poenitentiis.
1446 1341 1507 1363 nos
1536 1340 1620 1363 vero
1657 1329 1931 1374 archiepiscopus
1960 1332 1993 1361 et

133 1398 282 1441 episcopi
319 1398 493 1429 memorati
531 1395 748 1440 quadraginta
789 1395 914 1427 dierum
963 1392 1105 1438 qualibet
1145 1393 1209 1426 die.
1249 1396 1281 1425 ut
1324 1393 1553 1437 praemittitur„
1593 1390 1815 1434 indulgentias
1854 1391 1992 1422 miseri-

133 1456 282 1490 corditer
317 1459 352 1490 in
380 1456 513 1489 domino
543 1456 747 1489 relaxamus.
787 1453 1016 1500 praesentibus
1053 1455 1223 1499 perpetuis
1260 1451 1465 1497 temporibus
1504 1451 1680 1484 duraturis.
1739 1450 1773 1483 In
1812 1452 1905 1483 cuius
1942 1452 1992 1482 rei

135 1520 359 1551 testimonium
388 1520 587 1563 praesentes
616 1516 729 1549 literas
758 1515 829 1548 fieri
859 1514 999 1548 fecimus
1028 1525 1067 1547 ac
1096 1512 1273 1547 cuiuslibet
1304 1517 1453 1546 nostrum
1475 1511 1574 1556 sigilli
1603 1514 1757 1545 iussimus
1787 1513 1993 1556 appensione

132 1580 341 1612 communiri.
371 1577 490 1611 Datum
521 1581 553 1610 et
581 1581 689 1610 actum
721 1576 903 1609 Bononiae.
933 1574 993 1608 sub
1017 1585 1104 1608 anno
1135 1574 1258 1607 domini
1287 1573 1463 1606 millesimo
1492 1572 1823 1617 quadringentesimo
1849 1571 1992 1613 decimo„

133 1638 313 1673 indictione
342 1641 449 1682 tertia,
487 1637 697 1684 pontificatus
736 1639 934 1671 sanctissimi
973 1639 1003 1669 in
1034 1634 1167 1668 Christo
1205 1636 1307 1679 patris
1336 1644 1374 1666 ac
1417 1633 1539 1666 domini
1569 1635 1673 1665 nostri
1702 1631 1825 1665 domini
1854 1630 1993 1664 Joannis

133 1700 245 1733 divina
275 1698 485 1745 providentia
515 1709 622 1744 papae
652 1700 801 1731 vicesimi
832 1699 918 1730 tertii
947 1706 1033 1729 anno
1062 1698 1182 1741 primo.

442 1778 573 1803 Mehrere
590 1786 740 1809 unge-naue
757 1775 941 1801 Abs-christon
959 1783 1032 1802 saec.
1052 1774 1148 1801 XVII,
1167 1774 1223 1798 und
1241 1772 1354 1798 XVIII.
1370 1787 1408 1790 —
1427 1773 1534 1800 Briinn,
1553 1770 1780 1804 Landcsarcliiv‚
1800 1765 1993 1795 Boezek'seh.)

548 1829 723 1862 Sammlung.
746 1829 809 1854 Art.
838 1827 986 1853 lli-adisch.

1007 1971 1110 2008 167.

302 2091 321 2100 ..
754 2042 989 2086 [ΓΙ-(1111113111,
1022 2041 1052 2074 1.
1087 2040 1238 2073 October
1270 2038 1379 2073 1410.

287 2104 506 2158 Offenttiche
543 2121 866 2165 Bekanntmachung
904 2123 935 2154 in
982 2118 1172 2152 Frankfurt.
1212 2120 1279 2151 wie
1316 2116 1494 2161 Markgraf
1527 2116 1600 2149 Jost
1636 2126 1702 2149 von
1742 2115 1885 2148 Mz'ihren
1923 2125 1990 2148 von

130 2189 324 2229 genannten
341 2183 541 2217 Kurfursten
561 2183 627 2217 und
647 2181 909 2216 kurfurstlicben
925 2179 1137 2214 Machtboten
1155 2190 1227 2212 zum
1241 2177 1446 2211 Romischen
1464 2177 1574 2221 Konig
1590 2175 1740 2220 gewahlt
1760 2175 1901 2209 worden
1929 2178 1988 2209 sei.

441 2254 587 2279 Deutsche
613 2252 872 2285 Reichstagsakten
899 2251 965 2277 Vll.
993 2251 1017 2281 1,
1042 2259 1108 2283 pag.
1135 2251 1182 2281 439,
1217 2258 1267 2274 aus
1300 2248 1506 2281 Olenschlagcr
1538 2247 1572 2274 N.
1600 2247 1825 2278 Erliiuterungen
1861 2246 1931 2272 L'rk.
1956 2245 1990 2272 B.

549 2306 715 2331 litt—1⁵34
742 2313 783 2330 nr.
811 2304 858 2328 73.

1004 2446 1109 2484 168.

768 2516 967 2561 Frankfurt.
999 2516 1030 2550 1.
1065 2516 1215 2549 October
1246 2514 1354 2548 1410.

286 2579 372 2634 Die
401 2598 621 2632 Erzbischofe
652 2597 784 2631 Johann
815 2606 881 2629 von
910 2595 1019 2628 Mainz
1048 2594 1112 2628 und
1145 2593 1319 2627 Friedrich
1350 2603 1416 2626 von
1453 2591 1537 2625 Koln
1576 2591 1641 2624 und
1679 2591 1733 2624 die
1773 2589 1989 2623 Machtboten

131 2661 171 2695 K.
202 2660 364 2694 Wenzels
394 2670 459 2693 von
489 2658 640 2692 Bohmen
670 2658 733 2691 und
774 2656 867 2690 Kurf.
909 2655 1048 2689 Rudolfs
1079 2654 1134 2688 Ill.
1178 2665 1243 2687 von
1282 2653 1432 2687 Sachsen
1471 2663 1512 2685 311
1550 2651 1798 2685 verschiedene
1836 2649 1987 2684 Reichs-

1852 2716 1885 2741 90
