2358 3105
1031 209 1070 241 61

125 317 243 359 suerit‚-
268 319 295 349 si
316 315 455 349 facultas
484 325 520 348 se
541 314 581 347 ad
608 314 671 347 hoc
701 314 902 349 exteiiderih
932 313 1052 347 debeat
1081 315 1145 346 emi
1175 317 1207 345 et
1227 313 1425 356 comparari„
1457 314 1498 343 ita
1529 314 1650 343 tamen.
1681 309 1765 353 quod
1798 307 1984 341 huiusmodi

126 379 220 423 panis
249 378 379 421 empcio
408 377 573 419 empcioni
614 385 735 407 census
764 379 839 407 octo
871 384 1056 407 marearum
1086 382 1283 416 ,ις-1055011111]
1323 383 1361 403 ac
1391 370 1580 404 fundacioni
1618 374 1649 401 et
1678 369 1842 401 ‹lutacioni
1873 368 1984 400 altaris

125 441 157 471 in
187 436 274 470 nullo
311 435 495 481 preiudicet
534 446 596 468 nec
634 435 773 477 deroget
802 437 922 479 quovis
952 434 1062 467 modo.
1111 432 1183 473 Quo
1213 433 1306 465 altari
1346 435 1393 464 sic
1423 436 1547 467 erecto.
1579 430 1714 463 fundato
1745 435 1775 461 et
1806 429 1916 461 «lotam
1947 440 1984 460 ac

126 497 275 541 legitime
313 507 373 541 per
401 495 464 528 loci
494 495 697 528 ordinarium
737 499 768 528 in
798 494 994 528 beneficium
1025 493 1289 527 ecclesiasticum
1319 496 1432 525 erecto
1467 496 1498 523 et
1527 490 1735 526 contii-maio„
1776 494 1805 521 ut
1838 489 1985 533 prelatus

125 558 277 591 dominus
305 556 423 589 Petrus
452 567 497 589 ex
518 555 702 588 huiusmodi
734 559 933 588 testamento
964 553 1083 587 habeat
1112 555 1217 585 eciam
1247 552 1388 597 aliquam
1410 551 1693 586 consolaciouem.
1721 552 1984 595 prenominatum

129 618 314 664 Symouem
344 617 503 650 clericum
532 620 562 649 et
584 627 649 649 non
679 616 776 649 alium
807 615 845 648 ad
868 614 1053 648 huiusmodi
1084 614 1187 646 altare
1208 616 1313 658 prima
1336 615 1410 646 vice
1440 612 1611 645 dumtaxat
1640 610 1754 643 debeat
1780 614 1985 655 presentare.

128 679 201 720 Quo
232 678 382 724 Symone
417 677 543 711 clerico
579 677 764 710 decedente
794 676 848 709 vel
878 675 1030 717 cedente,
1070 677 1119 707 ius
1148 677 1342 719 patronatus
1376 675 1449 706 sive
1480 675 1529 705 ius
1558 671 1771 717 presentandi
1801 669 1987 703 huiusmodi

128 740 241 772 altaris
270 738 309 771 ad
340 738 504 783 prefatum
525 737 688 776 Marcum,
718 735 891 770 Elizabeth
922 738 1023 781 ipsius
1052 734 1295 775 conthoralem‚
1325 744 1447 779 pueros
1477 732 1686 776 heredesque
1718 735 1861 777 ipsorum
1894 730 1986 774 legi-

128 802 226 833 timos
255 803 350 832 natos
380 798 569 832 nascendos
598 800 770 842 utriusque
800 807 902 830 sexus
931 796 971 829 de
996 795 1111 829 Marco
1141 799 1173 828 et
1194 793 1365 827 Elizabeth
1396 794 1566 827 dumtaxat
1595 793 1838 826 descendentes
1868 790 1987 824 debeat

131 859 279 895 devolvi*
316 863 467 904 spectare
501 857 604 891 libere
640 862 672 891 et
701 860 890 903 pertinen-eg
930 859 1076 902 ipsisque
1105 866 1189 889 vero
1218 854 1346 890 Marco.
1382 853 1567 891 Elizabeui„
1607 855 1717 898 pueris
1747 856 1779 885 et
1808 850 1988 885 heredibus

130 923 276 965 ipsorum
308 909 463 963 legitimis'
485 918 736 954 decedentibus
768 918 864 951 Clara
886 922 918 950 et
938 919 1030 962 pueri
1061 919 1110 949 sui
1132 918 1301 959 utriusque
1323 926 1436 949 sexus.
1458 915 1629 947 dumtaxat
1650 916 1738 946 iuxta
1760 914 1987 946 senioritatem

129 979 238 1025 quoad
268 982 318 1013 ius
347 979 563 1025 presentandi
597 983 735 1015 tociens„
765 981 925 1022 quociens
954 980 1060 1022 ipsum
1090 986 1215 1009 vacare
1244 978 1434 1019 contigerit,
1465 974 1714 1020 presentabant.
1756 973 1797 1006 Et
1826 976 1852 1006 si
1882 972 1989 1005 nullus

130 1040 318 1086 huiusmodi
346 1050 526 1084 puerorum
557 1042 662 1072 eciam
695 1041 794 1084 ipsius
825 1038 922 1071 Clare
951 1039 1170 1071 inveniretur.
1210 1038 1251 1068 ita
1290 1035 1374 1079 quod
1415 1046 1531 1069 omnes
1570 1039 1781 1079 contingeret
1810 1033 1988 1069 decedereq

130 1105 255 1134 extunc
284 1104 463 1145 perpetuus
493 1102 639 1133 vicarius
670 1099 812 1132 ecclesie
843 1098 1089 1132 Olomucensis
1128 1099 1181 1141 qui
1212 1100 1374 1129 maturam
1404 1100 1537 1130 missam
1568 1101 1683 1130 sancte
1712 1095 1817 1128 Mai-ie
1847 1097 1989 1139 virginis

130 1166 283 1205 tempore
304 1163 497 1194 vacacionis
527 1160 715 1193 huiusmodi
742 1160 853 1193 altaris
874 1157 1068 1195 celebrabitq
1098 1168 1196 1190 uuum
1227 1156 1381 1191 idoneum
1412 1158 1555 1191 ecclesie
1577 1157 1808 1190 Olomucensis
1838 1155 1989 1201 preben-

132 1222 242 1255 datum
281 1223 449 1254 seniorem
496 1231 561 1254 non
599 1220 844 1254 beneficiatum.
884 1218 1057 1264 quandc²¹)
1097 1221 1203 1263 ipsum
1239 1220 1343 1252 altare
1385 1230 1508 1251 vacare
1547 1221 1758 1261 contingerit.
1798 1219 1916 1261 poterit
1960 1220 1991 1248 et

133 1281 254 1315 debeat
281 1286 490 1326 presentare.
521 1281 592 1314 Tali
613 1281 810 1314 condicione
840 1279 981 1314 adiecta.
1011 1279 1096 1323 quod
1127 1278 1275 1312 altarista
1306 1279 1493 1313 huiusmodi
1522 1279 1645 1312 altaris.
1676 1281 1730 1322 qui
1760 1288 1819 1322 pro
1842 1282 1992 1322 tempore

134 1342 244 1385 fuerit,
281 1341 422 1385 singulis
451 1344 644 1386 septimanis
683 1352 741 1386 per
777 1352 813 1373 se
842 1340 897 1373 vel
934 1350 993 1385 per
1031 1339 1130 1372 alium
1170 1339 1325 1373 idoneum
1362 1339 1583 1385 presbiterum
1621 1339 1711 1382 legat
1750 1343 1817 1371 tres
1856 1341 1986 1370 missas.

132 1406 272 1449 primam
302 1400 347 1435 de
377 1406 539 1447 tempore.
569 1402 748 1435 secundam
779 1401 818 1434 dc
848 1400 944 1433 beata
974 1399 1124 1444 Virgine,
1157 1404 1294 1434 terciam
1316 1412 1399 1435 vero
1428 1412 1487 1446 pro
1518 1400 1692 1441 defunctis,
1723 1410 1783 1444 pro
1804 1402 1987 1432 animarum

133 1464 295 1498 dictorum
327 1467 520 1496 testatorum
560 1474 599 1495 ac
631 1467 800 1507 parentum
839 1466 871 1494 et
900 1463 1082 1494 amicorum
1113 1471 1248 1493 suorum
1280 1462 1429 1495 remedio
1460 1466 1488 1495 et
1520 1461 1635 1499 saluteq
1676 1464 1706 1493 iu
1737 1459 1854 1505 quibus
1885 1461 1991 1492 missis

133 1524 288 1569 legendis
318 1523 491 1557 cuiuslibet
512 1523 670 1559 attariste.
701 1526 755 1568 qui
780 1533 839 1568 pro
861 1526 1010 1566 tempore
1032 1520 1142 1563 fuerin
1175 1524 1385 1555 consciencia
1408 1522 1597 1567 specialiter
1617 1524 1658 1554 sit
1678 1525 1827 1554 onerata.
1861 1519 1993 1560 Quam—

135 1585 267 1630 quidem
298 1584 549 1618 ordinacionem
579 1588 611 1616 et
640 1584 896 1628 disposicionem
926 1581 1112 1615 huiusmodi
1142 1585 1330 1615 testamenti
1364 1585 1411 1616 sie
1441 1586 1474 1615 ut
1503 1585 1700 1627 premittitur
1729 1584 1802 1617 rite*
1842 1580 1994 1624 legitime

135 1651 166 1680 et
204 1644 453 1679 racionabiliter
491 1644 569 1677 facti
608 1646 698 1676 iuxta
728 1643 931 1677 voluntatem
971 1642 1133 1675 dictorum
1172 1646 1365 1676 testatorum
1410 1643 1497 1677 dicte
1536 1648 1647 1688 partes
1685 1653 1744 1687 pro
1783 1653 1819 1675 se
1857 1646 1889 1675 et
1927 1644 1995 1674 suis

135 1706 291 1740 hincinde
319 1705 552 1748 laudaverunt,
582 1704 833 1739 ratificaverunt
861 1714 900 1736 ac
921 1702 1006 1736 hona
1037 1701 1100 1735 lide
1122 1704 1268 1747 ipsorum
1299 1706 1330 1736 in
1351 1703 1503 1737 omnibus
1532 1706 1600 1737 suis
1620 1706 1748 1748 punctis
1774 1708 1806 1736 et
1826 1702 1994 1735 clausulis.

136 1770 183 1800 sic
205 1771 239 1800 ut
267 1768 421 1811 superius
442 1770 698 1811 expressantur„
728 1767 928 1797 inconcusse
953 1767 984 1795 et
1004 1762 1242 1796 inviolabiliter
1260 1763 1423 1809 solempni
1444 1764 1661 1809 stipulacione
1683 1769 1798 1797 tenere
1819 1768 1849 1796 et
1871 1762 1995 1796 obser-

137 1838 220 1861 vare
241 1829 466 1872 promiserunt
485 1825 546 1859 sub
567 1837 651 1871 pena
672 1827 911 1870 quinquaginta
932 1834 1118 1856 marcarum
1141 1834 1338 1867 grossorum
1360 1824 1578 1869 Pragensium
1604 1827 1733 1857 numeri
1754 1828 1785 1857 et
1805 1825 1996 1869 pagamenti

138 1887 365 1934 predictorum
393 1898 454 1932 per
481 1891 611 1932 partem
645 1897 710 1920 non
740 1889 906 1918 tenentem
936 1895 996 1929 pro
1018 1883 1143 1917 fabrica
1173 1883 1316 1917 ecclesie
1338 1884 1571 1918 Olomucensis
1602 1885 1811 1918 medietatem
1841 1889 1873 1917 et
1897 1884 1994 1917 aliam

138 1948 350 1982 medietatem
394 1950 479 1993 parti
509 1950 632 1981 tenenti
676 1945 949 1980 irremissibiliter
987 1944 1237 1978 solvendarum.
1287 1945 1396 1991 Super
1433 1945 1551 1990 quibus
1592 1945 1746 1979 omnibus
1789 1949 1821 1978 et
1858 1945 1997 1989 singulis

139 2011 312 2054 premissis
343 2007 429 2041 dicte
468 2013 579 2053 partes
609 2011 810 2053 petiverunt.
846 2005 908 2039 sibi
946 2016 1005 2050 per
1043 2016 1095 2038 me
1124 2009 1288 2039 notarium
1327 2006 1491 2052 publicum
1531 2005 1776 2052 infrascriptum
1813 2017 1913 2040 unum
1942 2007 1997 2039 vel

139 2069 232 2114 plura
260 2067 430 2113 publicum
460 2079 519 2102 seu
547 2068 676 2114 publica
707 2070 958 2100 instrumentum
989 2070 1043 2098 aut
1072 2068 1290 2099 instrumenta
1321 2065 1493 2112 conficffs).
1524 2067 1609 2111 quod
1640 2071 1672 2100 et
1700 2067 1776 2100 feci.
1807 2068 1893 2100 Acta
1923 2071 1997 2099 sunt

139 2129 202 2163 hec
232 2139 332 2171 anna,
361 2128 561 2171 indiccione7
592 2129 655 2162 die.
687 2138 813 2169 mense³
844 2126 938 2169 hora7
968 2125 1179 2171 pontificatus
1210 2131 1241 2159 et
1270 2126 1344 2160 loco
1375 2127 1492 2172 quibus
1513 2139 1625 2173 supra,
1654 2127 1864 2173 presentibus
1884 2138 1997 2160 vene-

140 2189 235 2223 rabili
256 2192 331 2222 vii-0
361 2189 494 2223 domino
515 2189 669 2223 Johanne
699 2188 739 2221 (le
761 2188 933 2221 Strazniez
963 2186 1091 2219 decano
1111 2197 1151 2219 ac
1172 2186 1420 2221 honorabilibus
1441 2191 1522 2221 viris
1544 2189 1684 2221 dominis
1713 2188 1802 2221 Luca
1831 2188 1871 2221 de
1900 2187 1997 2221 Nova

141 2249 296 2291 Civitatffi
326 2248 465 2283 Nicolao
487 2249 527 2282 de
548 2248 723 2292 Luhcziez‚
750 2250 918 2293 perpetuis
940 2250 1074 2280 vicariis
1095 2247 1241 2281 ecclesie
1262 2247 1507 2291 Olomucensis,
1537 2253 1569 2282 et
1589 2248 1729 2294 provido
1751 2251 1824 2282 viro
1845 2248 1998 2282 Johanne

143 2311 228 2343 dicto
259 2309 372 2343 Stoler
400 2312 476 2343 cive
507 2309 734 2345 Olomucensi„
764 2307 903 2342 testibus
933 2308 972 2340 ad
1002 2310 1165 2353 premissa
1195 2311 1325 2342 vocatis
1354 2310 1545 2354 specialiter
1574 2313 1605 2342 et
1634 2312 1770 2353 rogatis

296 2369 336 2403 Et
365 2381 430 2414 ego
452 2369 626 2404 Conradus
656 2370 731 2403 olim
762 2368 923 2402 Johannis
953 2368 992 2401 de
1014 2368 1190 2411 Tesschin,
1221 2369 1361 2403 clericus
1382 2369 1672 2403 wratislaviensis
1701 2370 1856 2405 diocesis.
1886 2369 1998 2414 publi-

143 2443 201 2465 cus
231 2433 427 2464 auctoritate
448 2430 610 2475 imperiali
636 2432 783 2463 notarius
812 2440 944 2462 necnon
973 2428 1082 2462 scriba
1105 2431 1178 2462 sive
1198 2432 1346 2463 notarius
1376 2434 1524 2463 aetorum
1556 2433 1745 2463 consistorii
1767 2430 1999 2463 Olomucensis

144 2492 239 2525 dictis
276 2491 496 2534 ordinacioni‚
534 2493 759 2536 promissioni.
799 2489 1026 2531 ratificacmni,
1068 2500 1154 2534 pene
1184 2493 1390 2535 apposicioni
1425 2490 1644 2535 omnibusque
1682 2491 1753 2523 aliis
1791 2494 1824 2523 et
1861 2490 1999 2534 singulis

144 2554 329 2598 premissis,
360 2551 435 2585 dum
465 2554 513 2585 sic
542 2556 575 2584 ut
596 2554 794 2597 premittitur
822 2554 1004 2594 agerentur
1033 2554 1065 2583 et
1093 2549 1223 2593 fierent,
1253 2561 1394 2584 unacum
1424 2554 1663 2596 prenominatis
1694 2549 1830 2584 testibus
1859 2561 1999 2596 presens

300 2675 328 2710 a)
353 2674 448 2709 Orig.:
472 2675 520 2709 qd,
544 2674 595 2700 mit
618 2673 894 2708 Kiirzungsschleife
918 2672 969 2699 wie
994 2677 1072 2698 scnst
1098 2672 1143 2697 fiir
1167 2673 1243 2706 quod
1305 2670 1336 2705 b)
1365 2673 1416 2698 das
1440 2673 1523 2698 tVort
1548 2673 1618 2697 fehlt
