2358 3105
1038 254 1098 287 1⁴1

138 361 385 404 pronuncciarL
416 358 552 391 decerni
584 363 614 391 et
645 358 821 392 declarari.
853 359 1039 392 huiusmodi
1070 358 1235 398 lignorum
1258 361 1478 391 succisionem
1510 363 1541 390 et
1570 359 1808 392 aluluccionem
1833 360 1996 403 lignorum

138 419 360 465 predictorum
400 421 582 451 occasione
613 419 744 464 dampni
776 430 834 464 per
866 418 1051 452 huiusmodi
1083 421 1285 451 monasterio
1317 419 1464 462 predicto
1500 419 1578 452 illati
1609 422 1638 452 in
1670 424 1698 452 et
1729 420 1769 452 ad
1802 423 1997 464 premissum

137 481 258 513 dietum
289 478 462 512 Nicolaum
499 479 749 512 sentencialiter
779 484 809 512 et
849 478 1022 512 diffinitive
1052 478 1300 523 comlempnari.
1326 481 1354 511 in
1387 479 1449 512 hoc
1479 479 1622 513 osticium
1653 485 1802 513 vestrum
1836 481 2001 514 limniliter

139 539 345 584 implorando
385 550 423 572 ac
454 542 581 573 iusticie
619 539 788 584 postulans
819 540 1110 584 complementum.
1169 538 1250 571 Petit
1287 542 1420 584 insuper
1449 551 1618 585 expensas
1649 541 1722 573 tuis.
1763 541 1803 573 de
1839 541 1999 573 sat-iendis

138 604 352 646 protestatur.
374 600 468 634 salvo
490 602 560 633 iure
590 600 745 642 addendi,
777 600 955 633 mimiendi.
987 600 1142 632 mutandi.
1173 599 1364 643 corrigendi
1394 611 1431 632 ac
1461 600 1558 632 alium
1580 612 1637 633 sen
1669 600 1752 633 alios
1774 600 1917 633 libellum
1940 612 1998 633 seu

137 660 278 695 libellos.
299 664 326 694 si
347 672 430 706 opus
450 660 622 713 t'iierii‚,dc
644 671 732 694 novo
754 659 908 693 faciendi.
931 660 969 692 ad
992 660 1110 692 nullam
1135 665 1242 693 tamen
1264 660 1464 705 superfluam
1484 660 1719 706 proliacionem
1738 673 1774 694 se
1791 664 1993 705 astringens.

137 722 194 755 sed
226 722 395 755 dumtaxat
426 732 486 767 pro
516 714 618 766 ipsius
640 724 829 754 intencione
858 723 1084 754 necessariam
1116 724 1145 753 et
1168 731 1231 753 non
1254 721 1349 753 aliter
1379 732 1439 754 nec
1470 721 1565 755 ultra.
1597 721 1775 766 dequibus
1797 726 1998 766 protestatur

138 781 268 827 publice
290 787 321 815 et
342 793 516 827 expresse.
538 803 587 805 *ss
607 781 720 815 Tenor
742 792 823 815 vero
846 781 944 815 libelli
966 785 1080 814 contra
1103 780 1274 813 Nicolaum
1296 781 1416 814 (lictum
1440 781 1532 814 Fit-xi
1556 782 1773 823 maliatoreim
1796 782 1938 815 iudicem
1967 785 1996 815 in

139 842 248 876 Bt'oda
271 842 501 876 Tlieutunicali
527 843 625 876 oblati
658 842 731 875 talis
761 846 830 876 est:
862 841 982 875 Coram
1014 841 1110 875 vobis
1133 869 1138 874 .
1164 867 1169 873 .
1194 841 1237 875 .¹‘']
1269 842 1459 887 specialiter
1488 843 1661 887 delegatus
1691 844 1835 875 sindicus
1866 853 1996 887 procu-

138 908 229 937 rator
251 931 257 936 .
282 931 288 936 .
313 931 318 936 .
341 908 455 937 contra
487 907 516 936 et
538 903 703 936 adversus
725 902 897 936 Nicolaum
919 903 1039 936 dictum
1063 902 1156 935 Flexl
1180 903 1396 936 nuntiatorem.
1420 903 1560 936 iudicem
1584 907 1612 936 in
1636 903 1743 936 lli-oda
1766 902 1997 936 Tlieutnnicali

140 963 321 1008 Pragensis
353 964 497 997 diocesis
535 975 593 997 seu
633 968 748 997 contra
781 989 787 995 .
822 991 826 997 .
861 975 889 1004 ,ς
919 967 1027 996 tamen
1058 963 1162 996 dictus
1193 962 1351 997 Nicolaus
1382 963 1475 996 Flexl
1507 964 1677 998 maleator.
1716 975 1778 1008 qua
1810 966 1998 996 temeritate

139 1024 258 1057 ductus
288 1027 446 1057 nescitur.
486 1028 561 1057 ante
592 1024 712 1069 aliquot
744 1035 849 1057 annos
879 1024 1064 1057 huiusmodi
1096 1023 1198 1057 silvas
1227 1023 1425 1057 subintravit
1459 1029 1489 1057 et
1520 1027 1549 1057 in
1581 1025 1706 1057 eisdem
1738 1035 1834 1057 unum
1866 1025 1995 1057 laneum

140 1085 306 1129 lignorum
338 1085 505 1118 valentem
545 1088 721 1129 sexaginta
752 1096 945 1129 sexagenas
974 1095 1170 1128 grossorum
1202 1083 1438 1117 Boemiealium
1470 1085 1609 1117 succidit
1640 1090 1671 1118 et
1700 1084 1833 1118 abduxit
1870 1096 1907 1117 ac
1938 1095 1998 1129 per

138 1156 217 1179 suos
260 1145 379 1178 abduci
416 1149 608 1190 procuravit
650 1149 679 1179 in
720 1149 899 1179 maximum
940 1145 1116 1190 dampnum
1156 1149 1187 1178 et
1223 1156 1409 1189 gravamen
1449 1149 1640 1178 monasterii
1680 1146 1829 1191 predicti.
1887 1145 1998 1186 Quare

139 1209 217 1252 petit
250 1233 255 1238 .
288 1232 294 1238 .
328 1233 334 1238 .
375 1206 550 1239 declarari.
590 1206 675 1239 lanei
716 1206 882 1249 tignorum
923 1208 1143 1238 succisionem
1183 1210 1215 1238 ct
1244 1204 1484 1238 abduccionem
1515 1206 1554 1238 de
1583 1206 1676 1239 silvis
1707 1205 1863 1250 predictis
1894 1205 1998 1237 saetas

141 1277 201 1312 pei·
231 1269 336 1312 ipsum
367 1265 538 1299 Nicolaum
580 1266 683 1299 fnisse
722 1271 751 1299 et
791 1266 862 1299 fore
893 1266 1032 1309 illicitas,
1073 1269 1268 1299 temerarias
1306 1270 1336 1298 et
1367 1266 1407 1299 de
1437 1266 1524 1299 facto
1554 1271 1776 1312 attemptatas.
1808 1266 1997 1309 dictumque

139 1326 313 1361 Nicolaum
344 1326 439 1360 Flexl
469 1327 779 1372 condempnandum
811 1332 841 1360 et
871 1327 1137 1372 compellendum
1169 1326 1241 1359 fore
1271 1330 1415 1371 cogique
1445 1331 1477 1359 et
1506 1327 1658 1372 compelli
1697 1332 1729 1359 et
1758 1327 1997 1371 condempnari

139 1387 266 1421 debere
296 1387 335 1420 ad
367 1387 521 1420 dandum.
552 1387 751 1421 solvendum
783 1393 813 1421 et
843 1388 1078 1432 assignandum
1110 1387 1246 1420 realiter
1276 1387 1411 1432 prefatis
1441 1386 1561 1421 abbati.
1602 1390 1782 1421 conventui
1813 1391 1845 1419 et.
1875 1397 1995 1419 mona-

139 1451 243 1482 sterio
273 1451 450 1492 sexaginta
490 1459 682 1492 sexagenas
719 1460 916 1493 grossorum
948 1448 1184 1481 Boemicalium
1216 1459 1274 1492 pro
1304 1451 1491 1481 succisione
1528 1453 1559 1481 et
1588 1448 1794 1481 aliduccione
1828 1448 1992 1491 lignorum

139 1509 376 1554 predictorum.
407 1512 581 1554 ipsumque
611 1509 891 1554 cc‘nnpescendum
929 1509 968 1542 ad
999 1509 1196 1542 cessandum
1229 1509 1268 1541 de
1298 1513 1411 1542 cetero
1441 1508 1480 1541 ab
1511 1508 1696 1542 huiusmodi
1740 1511 1926 1541 temeritate
1965 1510 1997 1539 et

138 1572 170 1602 in
199 1571 370 1614 premissis
401 1573 431 1601 et
452 1569 491 1602 ad
513 1572 676 1614 premissa
699 1569 866 1613 quodlibet
890 1569 1011 1602 (lictum
1035 1569 1205 1602 Nicolaum
1229 1569 1477 1602 sentencialiter
1497 1574 1529 1602 et
1549 1569 1723 1602 diffinitive
1745 1569 1994 1613 condempnari,

139 1633 170 1663 in
201 1629 264 1663 hoc
294 1629 438 1663 officium
470 1634 618 1662 vestrum
652 1630 817 1663 humiliter
851 1631 1046 1675 inploratum)
1076 1642 1114 1662 ac
1143 1632 1271 1662 iusticie
1301 1630 1471 1674 postulans
1501 1629 1791 1674 complementum.
1823 1628 1933 1661 Petit.
1958 1653 1964 1660 .
1989 1654 1995 1659 .

138 1700 313 1735 expresse.
329 1710 378 1713 k
395 1689 507 1723 Tenor
523 1701 606 1723 vero
624 1689 722 1723 libelli
740 1695 854 1723 contra
875 1689 1047 1723 Min-rium
1066 1690 1283 1723 maliatorem.
1302 1694 1463 1723 assertum
1481 1695 1734 1735 procuratorem
1752 1693 1781 1723 in
1800 1687 1997 1734 parrochiali

139 1750 284 1784 ecclesia
315 1753 345 1783 in
377 1750 440 1783 Sar
469 1750 568 1784 oblati
598 1751 671 1784 talis
701 1755 771 1784 est:
803 1750 922 1783 Coram
955 1750 1050 1782 vobis
1074 1777 1079 1783 .
1103 1777 1109 1783 .
1134 1775 1139 1781 .
1171 1755 1285 1783 contra
1317 1754 1349 1783 et
1377 1750 1542 1784 adversus
1571 1750 1746 1783 Albertum
1778 1750 1995 1783 maliatorem.

137 1816 301 1845 assertum
334 1816 584 1856 procuratorem
624 1814 654 1844 in
686 1811 884 1857 parrochiali
916 1811 1058 1844 ecclesia
1090 1813 1120 1843 in
1151 1810 1214 1843 Sar
1245 1811 1478 1843 (llomucensis
1507 1811 1650 1844 diocesis
1680 1822 1738 1844 seu
1769 1815 1883 1843 contra
1907 1838 1912 1842 .
1936 1835 1941 1840 .
1968 1821 1997 1841 .:

140 1876 249 1905 tamen
281 1871 387 1905 dictus
418 1871 576 1905 Albertus
606 1872 769 1907 maliator,
800 1883 861 1916 qua
895 1874 1080 1904 temeritate
1111 1871 1228 1904 ductus
1254 1874 1412 1913 nescitur,
1442 1876 1518 1904 ante
1539 1871 1661 1916 aliquot
1683 1882 1788 1904 annos
1810 1870 1996 1904 huiusmodi

138 1933 243 1966 silvas
273 1932 468 1965 subintravit
499 1937 529 1965 et
559 1935 590 1965 in
621 1932 744 1965 eisdem
777 1943 873 1965 unum
906 1931 1046 1964 medium
1079 1932 1208 1964 laneum
1249 1931 1412 1975 lignorum
1444 1931 1610 1965 valentem
1643 1934 1776 1976 triginta
1806 1941 1998 1974 sexagenas

138 2003 338 2034 grossorum
378 1992 615 2026 Boemicalium
659 1993 797 2026 succidit
837 1997 866 2025 et
906 1990 1041 2024 abduxit
1080 2003 1118 2024 ac
1156 2003 1215 2037 per
1253 2002 1331 2024 suos
1370 1991 1486 2024 alnluci
1527 1995 1719 2037 procuravit
1752 1994 1783 2025 in
1818 1994 1996 2024 maximum

140 2054 317 2098 dampnum
349 2058 380 2086 et
409 2064 594 2097 gravamen
617 2056 810 2086 monasterii
841 2052 991 2097 predicti.
1024 2052 1136 2093 Quare
1166 2055 1334 2097 petit...
1367 2052 1542 2095 declarari„
1573 2052 1760 2086 huiusmodi
1792 2052 1889 2084 medii
1910 2051 1997 2084 lanei

141 2115 308 2158 lignorum
337 2116 558 2147 succisionem
589 2118 620 2146 et
650 2114 889 2146 abduecionem
913 2114 952 2146 de
973 2113 1067 2146 silvis
1097 2113 1252 2158 predictis
1275 2113 1379 2146 factas
1408 2124 1468 2158 per
1490 2116 1593 2158 ipsum
1618 2112 1791 2147 Albertum
1814 2113 1997 2158 predictum

140 2174 244 2207 fuisse
274 2178 305 2207 et
335 2174 407 2207 fore
436 2174 577 2217 illicitas„
613 2177 810 2207 temerarias
841 2178 872 2207 et
902 2173 942 2207 de
972 2173 1060 2206 sacto
1094 2177 1318 2218 attemptatas.
1356 2173 1546 2218 dictumque
1575 2173 1750 2207 Albertum
1789 2173 1995 2206 maliatorem

140 2234 450 2280 condempnandum
481 2239 513 2267 et
533 2235 798 2280 compellendum
821 2233 894 2268 fore
915 2237 1058 2278 cogique
1087 2238 1119 2266 et
1140 2233 1293 2279 compelli
1314 2239 1345 2267 et
1366 2234 1604 2279 condempnari
1634 2234 1760 2267 debere
1781 2234 1820 2266 ad
1842 2233 1996 2266 dandum.

140 2294 340 2329 solvendum
362 2299 393 2327 et
415 2295 652 2339 assignandum
675 2295 809 2328 realiter
829 2295 965 2340 prefatis
987 2294 1096 2327 abbati
1117 2298 1147 2327 et
1170 2297 1350 2327 conventui
1371 2306 1408 2327 ac
1431 2297 1636 2327 monasterio
1654 2297 1785 2338 triginta
1803 2304 1995 2337 sexagenas

140 2366 338 2399 grossorum
376 2354 616 2388 Boetnicalium
648 2367 707 2401 pro
738 2358 926 2389 succisione
955 2359 987 2388 et
1017 2354 1224 2388 adeCCiOne
1254 2355 1419 2399 lignorum
1450 2355 1673 2400 predictorum
1707 2358 1878 2399 ipsumque
1907 2364 1995 2386 con-

142 2415 344 2461 pescendam
375 2415 413 2448 ad
445 2415 668 2449 desistendum
699 2420 731 2448 et
761 2418 959 2449 cessandum
991 2415 1030 2448 de
1060 2420 1174 2448 cetero
1203 2415 1242 2448 ab
1273 2415 1458 2448 huiusmodi
1490 2418 1675 2448 temeritate
1705 2419 1735 2447 et
1765 2417 1796 2446 in
1826 2415 1997 2458 premissis

141 2480 172 2509 et
203 2476 241 2509 ad
273 2478 433 2521 premissa
464 2475 630 2520 quodlibet
670 2477 789 2509 dictum
820 2475 994 2509 Albertum
1034 2476 1283 2509 sentencialiter
1321 2480 1352 2508 et
1382 2474 1556 2508 diffinitive
1592 2475 1841 2519 condempnari.
1873 2477 1903 2506 in
1934 2473 1996 2507 hoc

140 2535 285 2569 officium
313 2540 460 2568 vestrum
482 2535 648 2569 humiliter
669 2536 876 2581 implorando
897 2547 935 2568 ac
956 2539 1084 2569 iusticie
1105 2536 1276 2581 postulans
1298 2535 1587 2580 complementum.
1618 2534 1699 2567 Petit
1723 2561 1728 2567 .
1753 2561 1758 2567 .
1783 2561 1788 2567 .
1820 2545 1995 2579 expresse.

142 2617 190 2619 Ἀ
227 2595 340 2629 Tenor
377 2606 461 2628 vero
499 2594 598 2629 libelli
636 2601 751 2629 contra
787 2595 1080 2629 Clmnczmannnm
1121 2597 1348 2629 maleatorem.
1379 2595 1496 2628 laicum
1541 2595 1639 2628 oblati
1682 2597 1831 2639 sequitur
1873 2598 1904 2626 et
1946 2598 1995 2627 est

140 2657 163 2659 -*
299 2672 323 2695 lt
351 2675 407 2698 l)e1·
434 2674 578 2699 wortlant
603 2675 695 2699 ‹tis-ses
721 2675 839 2699 zweiten
865 2675 921 2699 unsl
947 2675 997 2699 der
1022 2675 1173 2705 folgenden
1201 2674 1309 2698 Lib->tle
1335 2673 1376 2697 liis
1401 2673 1453 2698 aiit*
1474 2673 1518 2698 «lit-
1547 2673 1737 2705 angelium-ren
1763 2672 1995 2703 Atuvetchung—ou

140 2727 199 2752 fast
223 2726 415 2752 x-ollkoimnen
440 2726 651 2757 gleiclilautenvl
678 2727 725 2751 init
751 2728 812 2751 ‹lein
840 2726 966 2757 mrim-n.
992 2725 1019 2751 S.
1050 2727 1116 2752 1⁶41),
1141 2726 1170 2751 Ζ.
1200 2726 1234 2750 1⁴}
1261 2726 1288 2750 tl'.
