2358 3105
1045 227 1160 279 1317

147 338 287 372 Andree
326 335 553 370 archidiaconi
593 334 884 368 Brcnczlaviensis
922 332 1164 379 prothonotarii
1195 329 1377 363 tabularum
1418 334 1506 362 teri-c
1545 328 1709 362 Moravie.
1768 328 1911 370 (Folyeu
1951 329 2005 361 (lie

150 397 410 441 Einlraqunqeu
442 395 503 428 ΝΡ.
535 395 621 428 207.
652 394 756 435 208.)

459 474 541 500 Naeli
566 474 627 499 dein
656 474 770 500 Druck:
809 473 880 501 ,Die
904 472 1061 497 Landtx'tfcl
1095 472 1143 496 des
1168 469 1431 503 Markgrziftliuiue>⁴
1456 469 1609 500 Malu-011⁸,
1643 469 1703 498 lires.
1729 477 1783 493 von
1811 469 1841 493 l'.
1866 477 1893 493 v.
1918 468 2003 491 (flilu-

563 526 674 560 mec-ky,
698 526 760 551 «los.
785 525 894 559 s‘hytil,
919 524 985 549 (Harl
1013 523 1147 549 Demutti.
1172 522 1207 548 Α.
1232 523 1267 548 R.
1293 531 1319 548 v.
1348 521 1525 547 wolfskrnu.
1551 521 1681 545 Bruma-1<
1706 520 1785 545 Cuda
1812 521 1839 545 S.
1866 519 1936 544 2⁶34.

1028 720 1130 755 141.

150 803 340 847 Mart-qvas
371 801 483 835 Jodolc
519 804 682 844 {sewinum
719 801 793 833 dem
833 798 1176 843 Auqnstinerlfloster
1214 799 1246 830 ἱη
1279 797 1409 839 Briimi,
1447 797 1561 830 κοίνου
1601 797 1740 838 eigsenen
1789 793 1883 828 Wein
1915 805 2004 826 (ms-

151 862 377 904 ΞτιεεΙιεηΙῑεη,
409 863 476 895 und
505 862 687 895 verorslnet
709 860 873 904 mulleio&
904 862 984 893 dass
1006 860 1060 892 die
1081 858 1291 892 bestimmten
1312 858 1574 900 Klosterqe'llern
1600 868 1662 889 ron
1685 856 1745 889 det·
1765 855 1869 888 Stadt
1889 854 2007 887 Bruma

152 924 345 969 aiis'erleqte
366 922 502 965 Losuuy
521 921 613 954 nieht
642 921 734 953 melei·
764 921 816 953 (ils
846 919 920 966 2¹s'2
951 919 1052 952 Mar-lc
1084 919 1140 954 Gr.
1170 920 1211 951 im
1241 918 1350 951 Jahre
1379 917 1542 960 belragseu
1574 917 1683 960 (larse.
1715 937 1762 939 ὴ
1793 915 1849 948 De.
1879 915 2007 948 Brmm.

926 980 985 1014 21.
1011 980 1095 1013 Jmn?
1123 979 1233 1013 1410.

305 1042 394 1095 Nos
431 1060 579 1095 Jodocus
618 1060 669 1093 dei
712 1063 826 1105 gracia
871 1058 1019 1093 marchio
1063 1057 1411 1102 Brandemburgensis
1453 1061 1485 1090 et
1526 1056 1678 1090 Moravie
1721 1060 1784 1089 etc.
1842 1055 1893 1089 Ad
1924 1065 2007 1100 per-

150 1127 282 1169 petuam
312 1125 361 1156 rei
391 1125 598 1156 memoriam.
629 1120 895 1154 Notumfacimus
925 1125 1042 1153 tenore
1071 1121 1282 1164 presencium
1314 1120 1492 1151 universis.
1523 1117 1608 1162 quod
1640 1116 1751 1149 habito
1780 1118 1833 1161 pio
1854 1119 2008 1160 respectu

153 1183 191 1217 ad
223 1183 443 1217 multiformes
472 1185 629 1228 penurias
659 1186 689 1215 et
726 1181 890 1223 defectus,
920 1179 1038 1225 quibus
1073 1182 1309 1212 monasterium
1348 1183 1496 1212 nostrum
1531 1189 1620 1211 nove
1658 1176 1868 1210 fundacionis
1896 1179 2009 1208 nostre

153 1244 290 1278 fratrum
320 1243 564 1277 Heremitarum
596 1245 700 1276 sancti
730 1243 910 1285 Augustini
941 1244 971 1274 in
1000 1240 1158 1286 prcurbio
1187 1239 1375 1273 Brunnensi
1406 1242 1535 1272 notorie
1564 1243 1740 1283 gravatum
1772 1239 1938 1270 cernimus
1968 1235 2008 1268 ad

152 1303 305 1350 presens²
344 1307 373 1337 in
404 1308 573 1350 posterum
605 1314 747 1348 quoque.
777 1305 839 1336 nisi
869 1301 928 1335 sibi
959 1302 1145 1335 cottidianis
1175 1303 1297 1333 nostris
1326 1299 1541 1333 succursibus
1570 1298 1768 1332 subventum
1799 1297 1905 1332 fieret.
1935 1297 2009 1342 plus

154 1375 253 1411 posse
291 1367 427 1409 gravari
467 1369 497 1397 et
527 1367 703 1409 presertim
743 1367 815 1408 post
859 1367 905 1396 tot
941 1373 1155 1406 gwerrarum
1185 1364 1328 1394 iacturas
1358 1360 1589 1393 condicionem
1628 1358 1778 1404 prelibati
1817 1360 2009 1392 monasterii

155 1428 222 1459 vita
264 1424 360 1458 nohis
403 1427 524 1458 comite
567 1424 609 1458 ob
651 1436 743 1470 spem
786 1426 902 1470 premii
946 1425 1054 1456 eterni
1093 1424 1265 1467 cupientes
1308 1420 1420 1454 facere
1464 1420 1647 1454 meliorem.
1691 1419 1731 1453 de
1770 1423 1861 1452 certa
1899 1422 2012 1451 nostra

155 1488 300 1520 sciencia
330 1488 433 1531 priori
462 1488 587 1530 totique
623 1487 803 1519 conventui
839 1486 1032 1517 monasterii
1070 1482 1207 1528 predicti
1244 1484 1400 1526 graciose
1437 1481 1630 1514 indulsimus
1660 1484 1689 1513 et
1720 1478 1930 1525 presentibus
1960 1478 2011 1511 dei

154 1548 271 1580 intuitu
309 1545 532 1590 indulgemus,
569 1551 602 1579 ut
641 1548 701 1591 ipsi
731 1556 826 1578 unam
866 1545 998 1578 domum
1037 1554 1141 1589 prope
1179 1547 1307 1588 portam
1338 1552 1491 1585 magnam
1523 1552 1643 1574 versus
1680 1545 1825 1574 castrum
1856 1538 2013 1584 Spilberg

155 1607 344 1641 tendentem
388 1607 536 1640 eiusdem
580 1609 770 1640 monasterii
814 1610 1011 1639 construere
1053 1608 1085 1637 et
1127 1605 1261 1647 erigere
1302 1605 1428 1648 possint
1466 1607 1498 1635 et
1534 1604 1567 1635 in
1604 1601 1720 1635 eadem
1758 1603 1836 1635 vina
1866 1604 2012 1646 ipsorum

156 1669 289 1713 propria
320 1670 414 1700 annis
443 1667 583 1711 singulis
613 1669 781 1712 perpetuis
802 1664 1006 1711 temporibus
1028 1655 1411 1710 propium-ecuiuslibet
1440 1662 1564 1707 absque
1586 1662 1832 1708 impedimento.
1860 1661 2012 1706 Denique

156 1727 309 1773 ampliori
338 1731 450 1760 nostra
480 1730 595 1772 gracia
625 1726 804 1772 prelibatos
834 1726 954 1759 fratres
994 1727 1112 1758 intueri
1142 1725 1295 1759 volentes
1333 1727 1517 1765 statuimus,
1547 1726 1830 1768 quociescumque
1867 1722 2007 1765 losunga

158 1792 190 1822 in
219 1788 306 1821 dicta
335 1792 447 1821 nostra
478 1791 613 1822 civitate
643 1788 829 1821 Bruunensi
859 1789 1010 1832 imposita
1045 1785 1155 1819 fuerit.
1185 1789 1219 1817 ut
1247 1787 1340 1818 cives
1370 1784 1518 1817 eiusdem
1549 1786 1693 1817 civitatis
1721 1786 1794 1816 sive
1824 1782 2010 1816 huiusmodi

156 1849 298 1892 tosunge
335 1848 535 1882 collectores
572 1853 748 1894 presentes
787 1853 817 1881 et
862 1848 960 1880 futuri
999 1846 1039 1880 de
1070 1845 1166 1879 bouis
1202 1844 1409 1890 subscriptis,
1439 1844 1593 1889 quamdiu
1625 1847 1655 1877 iu
1684 1847 1849 1889 potestate
1879 1853 2012 1876 memo-

157 1913 304 1943 ratorum
334 1908 472 1942 fratrum
503 1914 533 1942 et
564 1911 758 1942 monasterii
788 1910 927 1953 pretacti
958 1907 1091 1949 suerint,
1120 1906 1277 1939 videlicet
1306 1905 1347 1938 de
1376 1904 1568 1938 molendino
1604 1904 1692 1937 dicto
1722 1903 1937 1939 Smalczholfr
1976 1904 2016 1936 de

159 1972 250 2003 curia
278 1973 310 2002 in
327 1969 452 2003 Schuta
482 1980 526 2003 ex
555 1973 705 2015 opposito
736 1968 906 2014 hospitalis
935 1970 1039 2001 sancti
1061 1966 1222 2012 Stephani
1242 1969 1272 1999 in
1304 1966 1390 1999 dicto
1419 1965 1574 2010 prem-bio
1596 1964 1796 2006 Brunnensi,
1826 1964 1867 1997 de
1887 1963 2014 1997 duobus

159 2030 298 2073 balneis‚
336 2041 402 2064 uno
440 2029 544 2063 desub
582 2035 692 2064 castro
732 2029 888 2075 Spilberg
917 2034 949 2061 et
987 2028 1028 2061 de
1057 2028 1120 2060 alia
1149 2037 1248 2072 supra
1278 2037 1395 2071 aquam
1426 2031 1579 2059 vocatam
1610 2025 1747 2060 Pan-(mn
1781 2035 1847 2058 non
1876 2024 2016 2070 amplius

159 2093 326 2124 annuatim
362 2093 426 2124 nisi
465 2090 630 2124 dimidiam
669 2092 805 2123 terciam
846 2099 991 2122 marcam
1021 2098 1220 2132 grossorum
1259 2090 1290 2120 in
1329 2086 1457 2120 duobus
1496 2089 1645 2120 terminis
1675 2098 1691 2119 a
1722 2086 1816 2119 dictis
1846 2084 2014 2124 fratribus,

161 2151 226 2185 hoc
255 2155 305 2185 est
333 2154 365 2184 in
394 2151 480 2185 sesto
509 2154 615 2184 sancti
643 2150 815 2184 Michaelis
844 2152 998 2195 proxime
1019 2148 1159 2182 all'uturo
1180 2150 1324 2192 quinque
1354 2146 1515 2189 fertones„
1545 2151 1576 2179 et
1601 2146 1738 2180 infesto
1764 2148 1870 2179 sancti
1889 2145 2017 2189 Jeorgii

161 2211 310 2255 totidem,
339 2217 373 2245 et
400 2215 448 2245 sic
468 2211 626 2257 deinceps
648 2211 786 2255 singulis
817 2213 911 2243 annis
940 2209 1059 2242 futuris
1091 2207 1297 2253 temporibus
1325 2211 1510 2252 exposcant
1536 2211 1569 2240 et
1597 2218 1664 2240 non
1693 2207 1787 2239 ultra.
1817 2205 2015 2239 Mandamus

161 2276 297 2318 insuper
326 2275 560 2318 suprascriptis
589 2271 729 2313 civibus.
759 2275 921 2315 quatenus
949 2270 1033 2303 ultra
1063 2272 1254 2315 presentem
1285 2272 1429 2301 nostram
1460 2270 1736 2301 constitucionem
1766 2271 1798 2300 et
1827 2266 2014 2299 mandatum

161 2337 315 2366 nostruin
341 2343 408 2366 non
435 2332 508 2378 plus
537 2334 612 2375 nisi,
649 2336 683 2365 ut
711 2333 930 2377 prescriptum
970 2334 1031 2373 est,
1069 2328 1235 2362 dimidiam
1273 2331 1409 2361 terciam
1449 2339 1594 2361 marcam
1633 2327 1772 2371 singulis
1810 2329 1904 2360 annis
1933 2337 2018 2371 per-

163 2395 284 2438 cipiant
313 2397 345 2426 et
373 2392 515 2426 debeant
544 2392 733 2431 sublevare,
765 2391 986 2435 adiungentes
1024 2392 1171 2435 insuper,
1210 2389 1286 2422 dum
1315 2393 1347 2421 et
1383 2388 1514 2433 quando
1551 2388 1699 2434 predicta
1734 2387 1832 2428 bona,
1862 2386 2019 2420 videlicet

162 2452 386 2486 molendinum
417 2452 623 2486 Sinalczliotl'
648 2452 767 2485 dictum
798 2455 830 2483 et
859 2452 950 2483 curia
980 2453 1010 2483 in
1040 2449 1165 2483 Schiita
1205 2454 1237 2483 et
1265 2450 1329 2482 duo
1358 2448 1475 2482 balnea
1505 2451 1742 2494 suprascripta„
1773 2448 1814 2481 de
1852 2451 2017 2493 potestate

163 2517 425 2546 memoratorum
471 2512 607 2546 fratrum
648 2517 679 2545 et
722 2514 914 2545 monasterii
961 2513 1099 2556 pretacti
1146 2513 1277 2543 exirent
1319 2510 1373 2543 vel
1411 2512 1620 2553 contingeret
1667 2520 1725 2542 eos
1768 2508 1885 2542 eadem
1934 2507 2019 2541 bona

165 2574 327 2616 alienare,
366 2577 490 2606 extunc
524 2583 589 2606 non
627 2572 826 2606 tenebuntur
861 2571 978 2604 eadem
1015 2570 1100 2604 bona
1130 2570 1280 2614 losungis
1322 2572 1465 2603 civitatis
1494 2569 1699 2603 Brunnensis
1728 2572 1807 2614 ipsis
1837 2579 1897 2614 per
1925 2571 2019 2601 cives

165 2636 326 2679 impositis
364 2633 539 2666 subiacere
579 2638 609 2666 et
648 2632 815 2666 debebunt
849 2635 939 2664 iuxta
978 2631 1253 2664 consuetudinem
1289 2630 1329 2663 ab
1372 2632 1566 2674 antiquom
1596 2630 1722 2663 eisdem
1768 2629 1864 2663 bonis
1895 2633 2016 2662 tentam

166 2699 199 2727 et
227 2693 452 2726 observatam.
510 2692 545 2726 In
575 2696 668 2725 cuius
697 2695 744 2725 rei
776 2694 996 2726 testimonium
1032 2691 1134 2724 robor
1163 2696 1193 2724 et
1224 2690 1432 2724 evidenciam
1469 2695 1629 2735 perpetue
1659 2690 1836 2723 valiturum
1874 2690 2016 2734 sigillum

1870 2756 1917 2780 17*
