2358 3105
1077 205 1116 239 51

324 310 441 345 Petrus
479 311 519 344 dc
549 310 729 344 Sowincze
758 321 859 356 super
892 310 986 344 bonis
1016 310 1167 343 Huzowa
1207 310 1305 354 opido
1344 314 1376 343 et
1406 309 1576 354 Brunzyw
1606 310 1669 343 alio
1707 311 1805 355 opido
1844 316 1875 343 et
1910 313 2025 356 sigulis

168 374 383 416 pertinenciis
413 374 559 416 ipsorum
589 370 662 406 sibi.
692 370 872 405 heredibus
902 375 933 404 et
963 370 1119 404 fratribus
1148 373 1216 403 suis
1244 370 1406 404 indivisis.

323 432 487 466 Henricus
521 432 561 465 (16
590 431 778 478 Bystrzyce
816 443 917 477 super
954 431 1062 469 bonis,
1092 431 1247 464 videlicet
1278 433 1368 463 curia
1407 435 1439 463 et
1469 430 1646 464 medietate
1675 431 1752 464 ville
1783 430 1967 477 Chorynye
1998 437 2029 465 et

168 495 383 537 pertinenciis
412 496 514 538 ipsius
545 493 765 538 llauyewicz,
796 492 973 525 medietate
1002 491 1081 524 ville
1110 495 1143 524 et
1172 494 1387 536 pertinenciis
1417 494 1518 536 ipsius
1546 491 1762 525 Komarneho
1788 492 1866 525 villa
1898 497 1962 525 tota
1993 497 2025 525 et

167 554 383 597 pertinenciis
412 556 513 598 ipsius
543 553 615 588 sibi.
646 552 826 586 heredibus
856 557 887 585 et
915 551 1072 588 Jolianni.
1102 551 1265 585 Herssoni
1299 556 1329 584 et
1358 551 1524 585 Zawissio
1546 552 1702 585 fratribus
1723 555 1790 585 suis
1811 552 2025 597 patruelibus.

323 613 450 646 Sbinko
488 614 528 647 de
557 613 673 647 Kokor
710 624 753 646 ex
781 617 876 658 parte
905 612 1144 657 orphanorum⁷
1173 612 1330 645 videlicet
1358 612 1521 645 ι1011331113
1549 612 1764 646 Mukarzonis
1803 617 1832 645 et
1864 612 2025 645 llinkonis

168 671 346 706 Stachonis
376 674 416 707 de
436 674 563 717 Kokor,
588 674 706 707 eodem
736 674 788 707 die
808 676 954 719 suscepit
983 672 1115 707 feodum
1147 673 1187 705 de
1208 672 1359 706 manibus
1384 672 1506 705 domini
1527 675 1674 718 episcopi
1696 684 1797 718 super
1817 673 1973 706 theloneo
1994 676 2026 706 iu

167 732 327 766 Prerovia
349 734 473 767 eisdem
495 734 653 780 orphanis
683 738 715 768 et
735 733 913 768 heredibus
934 737 1081 779 ipsorum
1111 737 1143 766 et
1163 735 1303 778 prestitit
1324 732 1433 766 debite
1455 732 1619 766 fidelitatis
1649 736 1771 777 omagii
1793 736 2024 767 iuramentum.

322 793 493 828 Joliaunes
527 796 566 828 de
596 794 780 828 Sehradicz
810 805 911 840 super
947 793 1056 836 bonis⁷
1094 798 1205 827 castro
1235 793 1419 827 Sehradicz
1457 805 1531 826 cum
1570 794 1686 838 sig-ulis
1715 797 1931 839 pertinenciis
1960 797 2028 827 suis

166 853 227 887 sibi
256 858 288 887 et
315 854 473 899 Myrkoni
502 856 542 889 de
571 855 691 889 ibidem
722 855 815 889 fratri
844 866 904 889 3110
933 866 973 888 30
1002 853 1183 888 heredibus
1211 857 1372 899 ipsorum.

320 916 439 949 Artleb
469 916 509 949 dc,
530 916 676 950 Rziczan
705 927 805 961 super
824 916 901 949 villa
931 915 1208 949 Krzizanowicze
1238 919 1316 957 tota,
1347 915 1473 948 scilicet
1495 926 1568 948 cum
1590 918 1661 948 iure
1689 919 1882 961 patronatus
1904 915 2024 949 ibidem

166 979 199 1008 et
227 975 344 1020 sigulis
373 979 587 1021 pertinenciis
617 977 692 1020 sihi„
722 976 902 1010 heredibus
931 981 963 1009 et
992 975 1086 1009 fratri
1115 986 1176 1009 suo
1207 974 1404 1009 Proczkoni.

141 1052 159 1074 φ
321 1035 492 1070 Johannes
521 1037 561 1070 de
590 1037 771 1071 Jabloncze
801 1048 902 1083 super
930 1036 1008 1070 villa
1047 1040 1113 1069 tota
1144 1036 1374 1081 Opatowiczffi
1404 1036 1534 1069 scilicet
1562 1047 1635 1069 cum
1672 1039 1742 1069 iure
1771 1040 1966 1081 patronatus
1995 1040 2028 1069 et

167 1099 257 1130 curia
286 1097 429 1131 allodiali
459 1102 490 1130 et
520 1098 607 1131 1111··¹·
636 1098 804 1132 curticulis
834 1100 864 1131 in
895 1096 1027 1130 Cbrlicz
1056 1095 1117 1130 sibi
1147 1100 1179 1129 et
1207 1095 1386 1129 heredibus
1416 1099 1495 1129 suis.

320 1157 492 1192 Johannes
531 1158 571 1191 de
600 1158 745 1192 Tassow
773 1169 876 1204 super
904 1156 1012 1200 honis,
1041 1157 1122 1191 villa
1159 1156 1407 1202 Drazeyowicz
1445 1161 1512 1190 tota
1551 1168 1625 1190 cum
1663 1157 1779 1202 sigillis
1809 1160 2026 1202 pertinenciis

165 1217 229 1252 sihi
256 1222 289 1252 et
316 1218 497 1252 heredibus
527 1230 566 1252 ac
595 1222 693 1253 uxori
723 1222 837 1265 ipsius.

320 1278 501 1324 Brzenyek
540 1280 580 1313 de
608 1279 846 1325 Ryzeniberga
884 1280 1036 1313 residens
1065 1282 1096 1312 in
1125 1278 1362 1312 Nasedlowicz
1397 1290 1498 1324 super
1533 1278 1641 1321 bonis,
1671 1279 1748 1312 villa
1777 1278 1924 1313 Zeleticz
1958 1282 2025 1312 tota

167 1344 199 1374 et
232 1343 264 1373 in
292 1340 398 1374 Lhota
436 1343 526 1374 iuxta
555 1340 700 1374 Zeleticz
737 1343 828 1374 curia
858 1339 1117 1379 allodiali,V111
1155 1339 1259 1373 laneis
1296 1343 1328 1372 et
1365 1338 1492 1372 duabus
1531 1339 1700 1372 curticulis
1738 1344 1770 1372 et
1807 1341 2024 1385 pertinenciis

166 1401 282 1446 sigulis
311 1401 372 1435 sibi
401 1406 434 1435 et
462 1401 643 1435 heredibus
672 1404 751 1434 suis.

322 1462 508 1508 VVoyslaus
537 1463 577 1495 de
598 1462 804 1496 Paczlawicz
833 1472 934 1506 super
962 1460 1070 1498 bonis,
1099 1460 1177 1494 villa
1206 1459 1374 1493 Unczicze
1404 1464 1470 1493 tota
1500 1464 1531 1493 et
1561 1463 1652 1493 curia
1682 1460 1826 1493 allodiali
1857 1465 1887 1493 et
1909 1460 2025 1504 sigulis

166 1525 381 1568 pertinenciis
410 1523 482 1564 sibi,
514 1522 693 1556 heredibus
723 1527 754 1555 et
783 1522 928 1555 Johanni
958 1521 1052 1555 fratri
1081 1523 1195 1566 ipsius.

322 1582 484 1629 Smyelek
504 1583 544 1617 de
564 1583 683 1617 Melicz
705 1593 808 1628 super
829 1585 918 1615 curia
940 1581 1087 1615 allodiali
1108 1586 1140 1614 et
1168 1584 1383 1626 pertinenciis
1412 1581 1528 1625 sigulis
1549 1584 1581 1614 in
1600 1581 1677 1614 villa
1693 1580 1820 1626 Zelczy
1841 1585 1873 1614 et
1893 1583 1925 1614 in
1945 1580 2023 1615 villa

165 1644 283 1678 Drsicz
304 1643 335 1677 V
355 1647 476 1678 marcis
502 1655 634 1685 0633113,
667 1643 770 1677 tribus
801 1643 971 1676 curticulis
1001 1647 1033 1676 et
1061 1641 1182 1676 Melicz
1212 1641 1286 1683 31111,
1316 1641 1496 1675 heredibus
1521 1646 1553 1675 et
1582 1641 1740 1675 fratribus
1760 1644 1828 1674 suis
1859 1641 2025 1675 indivisis.

320 1705 470 1739 Pawliko
500 1705 540 1739 de
560 1704 693 1751 Hlynlra
723 1715 823 1750 super
853 1703 960 1743 110313,
990 1705 1082 1736 curia
1103 1701 1248 1736 allodiali
1277 1706 1310 1735 et
1330 1713 1432 1735 censu
1462 1705 1494 1735 111
1514 1702 1591 1736 villa
1621 1701 1752 1747 Hlynka
1783 1706 1814 1735 et
1836 1701 2027 1735 molendino

165 1769 257 1799 iuxta
284 1766 502 1812 Hocenplaga
532 1765 606 1809 sibi,
637 1764 816 1799 heredibus
846 1769 878 1797 et
906 1767 1003 1797 uxori
1034 1766 1149 1809 ipsius.

320 1827 542 1872 Marquardus
572 1827 612 1860 de
634 1826 790 1872 Gyekew
809 1825 962 1859 residens
991 1827 1022 1858 in
1044 1824 1234 1870 Spitignaw
1264 1834 1365 1868 super
1386 1823 1491 1859 bonis.
1513 1823 1670 1856 videlicet
1690 1823 1829 1856 decimis
1850 1825 2027 1855 vinearum

166 1892 198 1921 et
226 1887 360 1933 frugum
390 1891 423 1922 in
453 1888 530 1922 villa
561 1888 746 1922 Wraczow
775 1887 837 1920 sibi
868 1891 898 1920 et
928 1884 1108 1919 heredibus
1146 1895 1186 1917 ac
1215 1883 1364 1917 Buzkoni
1394 1883 1487 1917 fratri
1516 1886 1618 1929 ipsius
1656 1887 1688 1916 et
1717 1882 1956 1928 Sbyslawconi
1986 1882 2027 1915 de

165 1948 365 1991 Tworkow„
395 1951 488 1982 cuius
517 1952 588 1994 ipse
616 1948 838 1993 Mai-quardus
868 1945 1034 1979 amitalem
1064 1955 1216 1978 sororem
1246 1944 1346 1978 habet
1375 1944 1435 1978 sibi
1465 1948 1498 1978 in
1527 1955 1681 1978 uxorem.

322 2008 458 2042 Genczo
497 2009 537 2042 de
566 2009 743 2043 Rakodaw
780 2019 881 2054 super
916 2006 1024 2047 1101113,
1054 2005 1211 2038 videlicet
1239 2005 1317 2038 villa
1347 2002 1580 2050 Nyempczicz
1617 2009 1684 2039 tota
1723 2009 1754 2038 et
1783 2005 1966 2038 advocacia
1996 2007 2028 2037 in

165 2070 360 2116 Brunsperg
389 2070 450 2105 sibi
480 2074 512 2104 et
530 2069 731 2111 Jaeuhonw)
761 2069 855 2103 fratri
885 2079 944 2102 suo
974 2071 1005 2101 et
1035 2065 1214 2099 heredibus
1243 2069 1312 2099 suis
1342 2070 1374 2099 et
1394 2068 1536 2111 prestitit
1565 2065 1676 2099 debite
1705 2065 1873 2099 fidelitatis
1904 2067 2027 2109 omagii

164 2134 399 2165 iuramentum.

319 2191 433 2225 Hrzko
472 2191 513 2225 de
543 2191 807 2237 Sczepanowicz
845 2201 946 2235 super
973 2189 1050 2223 villa
1080 2188 1347 2234 Sczepanowicz
1386 2191 1453 2221 tota
1492 2191 1523 2220 et
1552 2189 1765 2232 pertinenciis
1804 2186 1924 2231 sigulis
1955 2188 2027 2219 eius

166 2252 227 2287 sibi
256 2252 503 2298 heredibusque
531 2255 611 2286 suis.

320 2313 437 2346 Petrus
473 2313 513 2346 de
549 2312 666 2357 Ugezd
704 2323 809 2357 prope
843 2310 1019 2356 Slapanicz
1059 2321 1160 2356 super
1199 2312 1289 2343 curia
1328 2308 1473 2342 allodiali
1512 2312 1544 2341 et
1582 2307 1662 2341 XVI
1699 2317 1886 2340 marcarum
1925 2317 2028 2339 censu

165 2373 286 2408 ibidem
317 2377 348 2407 in
377 2373 496 2418 Ugezd
534 2378 567 2407 et
595 2376 627 2406 in
656 2371 925 2418 Litopecznyech
955 2370 1051 2405 XIIII
1079 2381 1267 2404 marcarum
1298 2380 1400 2402 censu
1439 2372 1471 2402 et
1499 2368 1575 2402 villa
1605 2367 1820 2413 Mynyewicz
1857 2371 1921 2399 tota
1953 2377 2027 2399 cum

166 2434 281 2479 sigulis
310 2437 525 2480 pertinenciis
555 2436 701 2479 ipsorum
731 2432 792 2466 sibi
823 2437 853 2465 et
883 2431 1021 2465 Siclioni
1051 2431 1144 2465 fratri
1173 2441 1234 2465 suo
1264 2434 1296 2463 et
1325 2428 1504 2462 heredibus
1535 2431 1693 2473 ipsorum.

322 2495 500 2540 Bohussye
530 2494 570 2528 de
592 2494 715 2528 Gelcze
744 2504 845 2539 super
874 2492 980 2537 1101113,
1011 2492 1168 2526 videlicet
1198 2493 1299 2524 curiis
1321 2489 1458 2532 duabus,
1489 2488 1577 2522 IIIIUr
1604 2489 1720 2522 laneis.
1751 2490 1895 2532 quinque
1918 2489 2026 2520 curti—

167 2555 248 2589 culis
277 2560 310 2588 et
338 2555 455 2600 sigulis
484 2557 701 2600 pertinenciis
731 2557 878 2599 ipsarum
908 2552 970 2586 sibi
1000 2557 1031 2586 et
1060 2551 1203 2585 Johanni
1232 2551 1327 2584 fratri
1356 2560 1416 2583 suo
1446 2554 1478 2583 et
1506 2548 1686 2582 heredibus
1715 2551 1873 2594 ipsorum.

322 2686 349 2721 a)
375 2686 439 2714 Hs:
463 2686 606 2712 ι1301111031

1888 2736 1921 2760 ''f-24
