<?xml version="1.0" encoding="UTF-8"?>
<!DOCTYPE html PUBLIC "-//W3C//DTD XHTML 1.0 Transitional//EN"
    "http://www.w3.org/TR/xhtml1/DTD/xhtml1-transitional.dtd">
<html xmlns="http://www.w3.org/1999/xhtml" xml:lang="en" lang="en">
 <head>
  <title>
</title>
<meta http-equiv="Content-Type" content="text/html;charset=utf-8" />
  <meta name='ocr-system' content='tesseract 3.04.00' />
  <meta name='ocr-capabilities' content='ocr_page ocr_carea ocr_par ocr_line ocrx_word'/>
</head>
<body>
  <div class='ocr_page' id='page_1' title='image "./codexdiplomaticu14morauoft_0162.png"; bbox 0 0 2358 3105; ppageno 0'>
   <div class='ocr_carea' id='block_1_1' title="bbox 1248 206 1312 239">
    <p class='ocr_par' dir='ltr' id='par_1_1' title="bbox 1248 206 1312 239">
     <span class='ocr_line' id='line_1_1' title="bbox 1248 206 1312 239; baseline -0.016 0"><span class='ocrx_word' id='word_1_1' title='bbox 1248 206 1312 239; x_wconf 62' lang='lat'>123]</span> 
     </span>
    </p>
   </div>
   <div class='ocr_carea' id='block_1_2' title="bbox 346 304 2229 2603">
    <p class='ocr_par' dir='ltr' id='par_1_2' title="bbox 346 304 2229 2603">
     <span class='ocr_line' id='line_1_2' title="bbox 346 304 2211 358; baseline -0.008 -8"><span class='ocrx_word' id='word_1_2' title='bbox 346 317 544 350; x_wconf 65' lang='lat' dir='ltr'>condit-ioue</span> <span class='ocrx_word' id='word_1_3' title='bbox 577 315 785 349; x_wconf 68' lang='lat' dir='ltr'>vendidimus</span> <span class='ocrx_word' id='word_1_4' title='bbox 815 319 845 346; x_wconf 88' lang='lat' dir='ltr'>et</span> <span class='ocrx_word' id='word_1_5' title='bbox 878 313 1054 346; x_wconf 67' lang='lat' dir='ltr'>vendimus</span> <span class='ocrx_word' id='word_1_6' title='bbox 1083 323 1142 358; x_wconf 90' lang='lat' dir='ltr'>per</span> <span class='ocrx_word' id='word_1_7' title='bbox 1164 315 1339 357; x_wconf 68' lang='lat' dir='ltr'>presentes</span> <span class='ocrx_word' id='word_1_8' title='bbox 1361 321 1420 356; x_wconf 91' lang='lat' dir='ltr'>pro</span> <span class='ocrx_word' id='word_1_9' title='bbox 1442 307 1631 353; x_wconf 75' lang='lat' dir='ltr'>supradicta</span> <span class='ocrx_word' id='word_1_10' title='bbox 1661 317 1789 340; x_wconf 73' lang='lat' dir='ltr'>summa</span> <span class='ocrx_word' id='word_1_11' title='bbox 1817 305 1973 340; x_wconf 75' lang='lat' dir='ltr'>videlicet</span> <span class='ocrx_word' id='word_1_12' title='bbox 1993 304 2211 338; x_wconf 84' lang='lat' dir='ltr'>ducentarum</span> 
     </span>
     <span class='ocr_line' id='line_1_3' title="bbox 348 363 2213 422; baseline -0.008 -11"><span class='ocrx_word' id='word_1_13' title='bbox 348 389 533 411; x_wconf 81' lang='lat' dir='ltr'>marearum</span> <span class='ocrx_word' id='word_1_14' title='bbox 566 389 625 422; x_wconf 90' lang='lat' dir='ltr'>per</span> <span class='ocrx_word' id='word_1_15' title='bbox 655 388 714 409; x_wconf 79' lang='lat' dir='ltr'>uos</span> <span class='ocrx_word' id='word_1_16' title='bbox 746 380 774 408; x_wconf 90' lang='lat' dir='ltr'>at</span> <span class='ocrx_word' id='word_1_17' title='bbox 808 375 975 420; x_wconf 69' lang='lat' dir='ltr'>prefertur</span> <span class='ocrx_word' id='word_1_18' title='bbox 1014 377 1248 419; x_wconf 69' lang='lat' dir='ltr'>perceptarum</span> <span class='ocrx_word' id='word_1_19' title='bbox 1285 372 1439 404; x_wconf 70' lang='lat' dir='ltr'>discretis</span> <span class='ocrx_word' id='word_1_20' title='bbox 1479 371 1560 402; x_wconf 71' lang='lat' dir='ltr'>viris</span> <span class='ocrx_word' id='word_1_21' title='bbox 1590 368 1723 401; x_wconf 87' lang='lat' dir='ltr'>domiuo</span> <span class='ocrx_word' id='word_1_22' title='bbox 1754 366 1851 401; x_wconf 85' lang='lat' dir='ltr'>Petro</span> <span class='ocrx_word' id='word_1_23' title='bbox 1882 366 1968 400; x_wconf 86' lang='lat' dir='ltr'>dieto</span> <span class='ocrx_word' id='word_1_24' title='bbox 2000 363 2213 410; x_wconf 61' lang='lat' dir='ltr'>Nymmcrsol</span> 
     </span>
     <span class='ocr_line' id='line_1_4' title="bbox 346 425 2213 471; baseline -0.007 0"><span class='ocrx_word' id='word_1_25' title='bbox 346 441 509 471; x_wconf 75' lang='lat' dir='ltr'>canonico</span> <span class='ocrx_word' id='word_1_26' title='bbox 540 438 787 471; x_wconf 64' lang='lat' dir='ltr'>t&#39;lnwmsireusi</span> <span class='ocrx_word' id='word_1_27' title='bbox 828 440 857 467; x_wconf 85' lang='lat' dir='ltr'>et</span> <span class='ocrx_word' id='word_1_28' title='bbox 888 434 1004 468; x_wconf 75' lang='lat' dir='ltr'>Marco</span> <span class='ocrx_word' id='word_1_29' title='bbox 1042 435 1082 466; x_wconf 84' lang='lat' dir='ltr'>de</span> <span class='ocrx_word' id='word_1_30' title='bbox 1113 433 1209 467; x_wconf 65' lang='lat' dir='ltr'>Nova</span> <span class='ocrx_word' id='word_1_31' title='bbox 1240 433 1385 465; x_wconf 66' lang='lat' dir='ltr'>six-itate</span> <span class='ocrx_word' id='word_1_32' title='bbox 1415 433 1480 464; x_wconf 71' lang='lat' dir='ltr'>civi</span> <span class='ocrx_word' id='word_1_33' title='bbox 1512 431 1727 463; x_wconf 76' lang='lat' dir='ltr'>ttlomuceusi</span> <span class='ocrx_word' id='word_1_34' title='bbox 1757 429 2015 461; x_wconf 63' lang='lat' dir='ltr'>testamentariis</span> <span class='ocrx_word' id='word_1_35' title='bbox 2045 425 2213 471; x_wconf 89' lang='lat' dir='ltr'>quondam</span> 
     </span>
     <span class='ocr_line' id='line_1_5' title="bbox 348 486 2214 533; baseline -0.008 0"><span class='ocrx_word' id='word_1_36' title='bbox 348 500 478 533; x_wconf 80' lang='lat' dir='ltr'>bonesti</span> <span class='ocrx_word' id='word_1_37' title='bbox 519 502 581 532; x_wconf 63' lang='lat' dir='ltr'>x‘iri</span> <span class='ocrx_word' id='word_1_38' title='bbox 623 498 748 531; x_wconf 70' lang='lat' dir='ltr'>Nicolai</span> <span class='ocrx_word' id='word_1_39' title='bbox 789 497 864 530; x_wconf 89' lang='lat' dir='ltr'>dieti</span> <span class='ocrx_word' id='word_1_40' title='bbox 898 494 1125 529; x_wconf 74' lang='lat' dir='ltr'>Fleissbeclwl</span> <span class='ocrx_word' id='word_1_41' title='bbox 1164 496 1248 527; x_wconf 68' lang='lat' dir='ltr'>civis</span> <span class='ocrx_word' id='word_1_42' title='bbox 1288 496 1350 526; x_wconf 90' lang='lat' dir='ltr'>iam</span> <span class='ocrx_word' id='word_1_43' title='bbox 1391 492 1476 525; x_wconf 79' lang='lat' dir='ltr'>dicte</span> <span class='ocrx_word' id='word_1_44' title='bbox 1515 493 1660 524; x_wconf 71' lang='lat' dir='ltr'>civitatis</span> <span class='ocrx_word' id='word_1_45' title='bbox 1697 489 1944 524; x_wconf 75' lang='lat' dir='ltr'>olomucensis.</span> <span class='ocrx_word' id='word_1_46' title='bbox 1983 490 2036 533; x_wconf 89' lang='lat' dir='ltr'>qni</span> <span class='ocrx_word' id='word_1_47' title='bbox 2068 490 2098 520; x_wconf 89' lang='lat' dir='ltr'>in</span> <span class='ocrx_word' id='word_1_48' title='bbox 2129 486 2214 519; x_wconf 88' lang='lat' dir='ltr'>dicta</span> 
     </span>
     <span class='ocr_line' id='line_1_6' title="bbox 348 548 2213 595; baseline -0.007 -2"><span class='ocrx_word' id='word_1_49' title='bbox 348 560 493 593; x_wconf 70' lang='lat' dir='ltr'>eei-lesia</span> <span class='ocrx_word' id='word_1_50' title='bbox 525 560 739 592; x_wconf 53' lang='lat' dir='ltr'>Olonna-ensi</span> <span class='ocrx_word' id='word_1_51' title='bbox 771 569 869 591; x_wconf 86' lang='lat' dir='ltr'>numu</span> <span class='ocrx_word' id='word_1_52' title='bbox 908 557 1012 589; x_wconf 91' lang='lat' dir='ltr'>altare</span> <span class='ocrx_word' id='word_1_53' title='bbox 1051 559 1080 589; x_wconf 90' lang='lat' dir='ltr'>iu</span> <span class='ocrx_word' id='word_1_54' title='bbox 1114 555 1241 588; x_wconf 84' lang='lat' dir='ltr'>bonore</span> <span class='ocrx_word' id='word_1_55' title='bbox 1280 555 1514 587; x_wconf 66' lang='lat' dir='ltr'>conversionis</span> <span class='ocrx_word' id='word_1_56' title='bbox 1553 551 1639 584; x_wconf 89' lang='lat' dir='ltr'>beati</span> <span class='ocrx_word' id='word_1_57' title='bbox 1672 550 1758 583; x_wconf 84' lang='lat' dir='ltr'>l&#39;auli</span> <span class='ocrx_word' id='word_1_58' title='bbox 1785 549 1926 595; x_wconf 86' lang='lat' dir='ltr'>apostoli</span> <span class='ocrx_word' id='word_1_59' title='bbox 1956 548 2097 587; x_wconf 83' lang='lat' dir='ltr'>fundari,</span> <span class='ocrx_word' id='word_1_60' title='bbox 2128 549 2213 591; x_wconf 77' lang='lat' dir='ltr'>erigi</span> 
     </span>
     <span class='ocr_line' id='line_1_7' title="bbox 349 608 2217 662; baseline -0.007 -8"><span class='ocrx_word' id='word_1_61' title='bbox 349 626 377 654; x_wconf 83' lang='lat' dir='ltr'>et</span> <span class='ocrx_word' id='word_1_62' title='bbox 410 621 515 653; x_wconf 87' lang='lat' dir='ltr'>dotari</span> <span class='ocrx_word' id='word_1_63' title='bbox 547 623 576 653; x_wconf 93' lang='lat' dir='ltr'>in</span> <span class='ocrx_word' id='word_1_64' title='bbox 608 631 668 652; x_wconf 71' lang='lat' dir='ltr'>suo</span> <span class='ocrx_word' id='word_1_65' title='bbox 699 623 898 652; x_wconf 69' lang='lat' dir='ltr'>testniiiento</span> <span class='ocrx_word' id='word_1_66' title='bbox 937 618 1109 662; x_wconf 74' lang='lat' dir='ltr'>disposuit.</span> <span class='ocrx_word' id='word_1_67' title='bbox 1145 620 1174 648; x_wconf 92' lang='lat' dir='ltr'>et</span> <span class='ocrx_word' id='word_1_68' title='bbox 1206 615 1292 660; x_wconf 86' lang='lat' dir='ltr'>quod</span> <span class='ocrx_word' id='word_1_69' title='bbox 1325 616 1453 659; x_wconf 61' lang='lat' dir='ltr'>Symon</span> <span class='ocrx_word' id='word_1_70' title='bbox 1484 613 1626 646; x_wconf 75' lang='lat' dir='ltr'>clericus</span> <span class='ocrx_word' id='word_1_71' title='bbox 1657 611 1740 645; x_wconf 80' lang='lat' dir='ltr'>lilius</span> <span class='ocrx_word' id='word_1_72' title='bbox 1771 610 1834 644; x_wconf 83' lang='lat' dir='ltr'>lilie</span> <span class='ocrx_word' id='word_1_73' title='bbox 1864 609 2019 643; x_wconf 72' lang='lat' dir='ltr'>antedicti</span> <span class='ocrx_word' id='word_1_74' title='bbox 2049 608 2217 654; x_wconf 83' lang='lat' dir='ltr'>‹piondam</span> 
     </span>
     <span class='ocr_line' id='line_1_8' title="bbox 352 669 2217 725; baseline -0.007 -10"><span class='ocrx_word' id='word_1_75' title='bbox 352 681 476 715; x_wconf 72' lang='lat' dir='ltr'>Nicotai</span> <span class='ocrx_word' id='word_1_76' title='bbox 508 681 698 725; x_wconf 69' lang='lat' dir='ltr'>pro-ticiatur</span> <span class='ocrx_word' id='word_1_77' title='bbox 728 686 756 711; x_wconf 90' lang='lat' dir='ltr'>et</span> <span class='ocrx_word' id='word_1_78' title='bbox 789 682 826 711; x_wconf 67' lang='lat' dir='ltr'>sit</span> <span class='ocrx_word' id='word_1_79' title='bbox 859 679 1003 711; x_wconf 75' lang='lat' dir='ltr'>altar-ista</span> <span class='ocrx_word' id='word_1_80' title='bbox 1034 678 1149 710; x_wconf 71' lang='lat' dir='ltr'>altaris</span> <span class='ocrx_word' id='word_1_81' title='bbox 1179 676 1333 710; x_wconf 81' lang='lat' dir='ltr'>antedicti</span> <span class='ocrx_word' id='word_1_82' title='bbox 1366 678 1455 708; x_wconf 80' lang='lat' dir='ltr'>iuxta</span> <span class='ocrx_word' id='word_1_83' title='bbox 1488 676 1588 718; x_wconf 74' lang='lat' dir='ltr'>ipsius</span> <span class='ocrx_word' id='word_1_84' title='bbox 1617 672 1743 706; x_wconf 78' lang='lat' dir='ltr'>Nieolai</span> <span class='ocrx_word' id='word_1_85' title='bbox 1767 669 1997 704; x_wconf 72' lang='lat' dir='ltr'>Fleissbeekel</span> <span class='ocrx_word' id='word_1_86' title='bbox 2028 671 2217 703; x_wconf 76' lang='lat' dir='ltr'>testamenti</span> 
     </span>
     <span class='ocr_line' id='line_1_9' title="bbox 351 731 2218 787; baseline -0.006 -13"><span class='ocrx_word' id='word_1_87' title='bbox 351 744 626 787; x_wconf 56' lang='lat' dir='ltr'>disposicionem.</span> <span class='ocrx_word' id='word_1_88' title='bbox 658 745 686 772; x_wconf 85' lang='lat' dir='ltr'>et</span> <span class='ocrx_word' id='word_1_89' title='bbox 718 740 803 784; x_wconf 62' lang='lat' dir='ltr'>«qnod</span> <span class='ocrx_word' id='word_1_90' title='bbox 846 742 915 784; x_wconf 78' lang='lat' dir='ltr'>ipse</span> <span class='ocrx_word' id='word_1_91' title='bbox 955 750 1012 771; x_wconf 76' lang='lat' dir='ltr'>seu</span> <span class='ocrx_word' id='word_1_92' title='bbox 1045 741 1244 782; x_wconf 76' lang='lat' dir='ltr'>quicumque</span> <span class='ocrx_word' id='word_1_93' title='bbox 1285 737 1380 769; x_wconf 88' lang='lat' dir='ltr'>l&#39;aerit</span> <span class='ocrx_word' id='word_1_94' title='bbox 1411 736 1556 768; x_wconf 75' lang='lat' dir='ltr'>altarista</span> <span class='ocrx_word' id='word_1_95' title='bbox 1588 734 1665 767; x_wconf 88' lang='lat' dir='ltr'>dieti</span> <span class='ocrx_word' id='word_1_96' title='bbox 1695 734 1810 766; x_wconf 89' lang='lat' dir='ltr'>altaris</span> <span class='ocrx_word' id='word_1_97' title='bbox 1841 731 1963 765; x_wconf 82' lang='lat' dir='ltr'>babeat</span> <span class='ocrx_word' id='word_1_98' title='bbox 1991 736 2023 765; x_wconf 84' lang='lat' dir='ltr'>et</span> <span class='ocrx_word' id='word_1_99' title='bbox 2052 734 2083 765; x_wconf 89' lang='lat' dir='ltr'>iu</span> <span class='ocrx_word' id='word_1_100' title='bbox 2114 733 2218 764; x_wconf 81' lang='lat' dir='ltr'>certis</span> 
     </span>
     <span class='ocr_line' id='line_1_10' title="bbox 351 794 2217 837; baseline -0.005 -3"><span class='ocrx_word' id='word_1_101' title='bbox 351 805 499 835; x_wconf 70' lang='lat' dir='ltr'>terminis</span> <span class='ocrx_word' id='word_1_102' title='bbox 531 800 655 834; x_wconf 82' lang='lat' dir='ltr'>babere</span> <span class='ocrx_word' id='word_1_103' title='bbox 686 800 802 833; x_wconf 88' lang='lat' dir='ltr'>debeat</span> <span class='ocrx_word' id='word_1_104' title='bbox 835 800 874 832; x_wconf 91' lang='lat' dir='ltr'>de</span> <span class='ocrx_word' id='word_1_105' title='bbox 905 800 989 832; x_wconf 90' lang='lat' dir='ltr'>dieta</span> <span class='ocrx_word' id='word_1_106' title='bbox 1020 799 1096 831; x_wconf 61' lang='lat' dir='ltr'>xilla</span> <span class='ocrx_word' id='word_1_107' title='bbox 1121 798 1341 831; x_wconf 71' lang='lat' dir='ltr'>l‘rzaslawiez</span> <span class='ocrx_word' id='word_1_108' title='bbox 1363 796 1550 829; x_wconf 82' lang='lat' dir='ltr'>duodecem</span> <span class='ocrx_word' id='word_1_109' title='bbox 1582 805 1712 827; x_wconf 82' lang='lat' dir='ltr'>mareas</span> <span class='ocrx_word' id='word_1_110' title='bbox 1733 803 1931 837; x_wconf 62' lang='lat' dir='ltr'>grossorum</span> <span class='ocrx_word' id='word_1_111' title='bbox 1953 794 2052 825; x_wconf 81' lang='lat' dir='ltr'>antini</span> <span class='ocrx_word' id='word_1_112' title='bbox 2082 801 2217 827; x_wconf 52' lang='lat' dir='ltr'>censu&amp;</span> 
     </span>
     <span class='ocr_line' id='line_1_11' title="bbox 352 851 2216 901; baseline -0.006 -5"><span class='ocrx_word' id='word_1_113' title='bbox 352 863 502 896; x_wconf 71' lang='lat' dir='ltr'>residuas</span> <span class='ocrx_word' id='word_1_114' title='bbox 544 873 625 894; x_wconf 59' lang='lat' dir='ltr'>vero</span> <span class='ocrx_word' id='word_1_115' title='bbox 664 872 786 894; x_wconf 76' lang='lat' dir='ltr'>census</span> <span class='ocrx_word' id='word_1_116' title='bbox 827 860 909 893; x_wconf 92' lang='lat' dir='ltr'>ultra</span> <span class='ocrx_word' id='word_1_117' title='bbox 949 859 1134 892; x_wconf 79' lang='lat' dir='ltr'>duodecem</span> <span class='ocrx_word' id='word_1_118' title='bbox 1174 869 1305 891; x_wconf 83' lang='lat' dir='ltr'>marcas</span> <span class='ocrx_word' id='word_1_119' title='bbox 1337 860 1366 890; x_wconf 83' lang='lat' dir='ltr'>in</span> <span class='ocrx_word' id='word_1_120' title='bbox 1398 856 1473 889; x_wconf 78' lang='lat' dir='ltr'>villa</span> <span class='ocrx_word' id='word_1_121' title='bbox 1506 855 1654 901; x_wconf 88' lang='lat' dir='ltr'>predicta</span> <span class='ocrx_word' id='word_1_122' title='bbox 1686 857 1715 888; x_wconf 94' lang='lat' dir='ltr'>iu</span> <span class='ocrx_word' id='word_1_123' title='bbox 1748 865 1841 887; x_wconf 83' lang='lat' dir='ltr'>usum</span> <span class='ocrx_word' id='word_1_124' title='bbox 1877 858 1909 886; x_wconf 85' lang='lat' dir='ltr'>et</span> <span class='ocrx_word' id='word_1_125' title='bbox 1939 853 2109 886; x_wconf 77' lang='lat' dir='ltr'>utilitatem</span> <span class='ocrx_word' id='word_1_126' title='bbox 2139 851 2216 885; x_wconf 87' lang='lat' dir='ltr'>dicti</span> 
     </span>
     <span class='ocr_line' id='line_1_12' title="bbox 352 912 2218 968; baseline -0.005 -13"><span class='ocrx_word' id='word_1_127' title='bbox 352 925 511 968; x_wconf 46' lang='lat' dir='ltr'>¹&lt;paonis</span> <span class='ocrx_word' id='word_1_128' title='bbox 541 922 722 955; x_wconf 67' lang='lat' dir='ltr'>seenmbnu</span> <span class='ocrx_word' id='word_1_129' title='bbox 755 925 898 954; x_wconf 88' lang='lat' dir='ltr'>mentem</span> <span class='ocrx_word' id='word_1_130' title='bbox 921 922 1089 953; x_wconf 80' lang='lat' dir='ltr'>testatoris</span> <span class='ocrx_word' id='word_1_131' title='bbox 1111 923 1139 951; x_wconf 89' lang='lat' dir='ltr'>et</span> <span class='ocrx_word' id='word_1_132' title='bbox 1163 921 1351 952; x_wconf 82' lang='lat' dir='ltr'>testamenti</span> <span class='ocrx_word' id='word_1_133' title='bbox 1374 921 1606 950; x_wconf 77' lang='lat' dir='ltr'>eonvertatur.</span> <span class='ocrx_word' id='word_1_134' title='bbox 1639 915 1674 948; x_wconf 66' lang='lat' dir='ltr'>tii</span> <span class='ocrx_word' id='word_1_135' title='bbox 1697 918 1773 960; x_wconf 87' lang='lat' dir='ltr'>quia</span> <span class='ocrx_word' id='word_1_136' title='bbox 1795 915 1901 948; x_wconf 80' lang='lat' dir='ltr'>dictus</span> <span class='ocrx_word' id='word_1_137' title='bbox 1922 913 2051 960; x_wconf 65' lang='lat' dir='ltr'>Symou</span> <span class='ocrx_word' id='word_1_138' title='bbox 2073 912 2218 946; x_wconf 91' lang='lat' dir='ltr'>noudum</span> 
     </span>
     <span class='ocr_line' id='line_1_13' title="bbox 353 974 2214 1028; baseline -0.006 -12"><span class='ocrx_word' id='word_1_139' title='bbox 353 985 390 1017; x_wconf 85' lang='lat' dir='ltr'>ad</span> <span class='ocrx_word' id='word_1_140' title='bbox 423 984 565 1017; x_wconf 77' lang='lat' dir='ltr'>debitam</span> <span class='ocrx_word' id='word_1_141' title='bbox 598 988 718 1015; x_wconf 87' lang='lat' dir='ltr'>etatem</span> <span class='ocrx_word' id='word_1_142' title='bbox 736 984 903 1028; x_wconf 67' lang='lat' dir='ltr'>pervenit.</span> <span class='ocrx_word' id='word_1_143' title='bbox 925 981 1031 1014; x_wconf 87' lang='lat' dir='ltr'>dictas</span> <span class='ocrx_word' id='word_1_144' title='bbox 1061 991 1183 1013; x_wconf 76' lang='lat' dir='ltr'>census</span> <span class='ocrx_word' id='word_1_145' title='bbox 1204 979 1438 1012; x_wconf 80' lang='lat' dir='ltr'>nicbilomimis</span> <span class='ocrx_word' id='word_1_146' title='bbox 1468 977 1527 1010; x_wconf 77' lang='lat' dir='ltr'>sibi</span> <span class='ocrx_word' id='word_1_147' title='bbox 1550 988 1609 1022; x_wconf 92' lang='lat' dir='ltr'>pro</span> <span class='ocrx_word' id='word_1_148' title='bbox 1631 987 1688 1009; x_wconf 82' lang='lat' dir='ltr'>sua</span> <span class='ocrx_word' id='word_1_149' title='bbox 1711 977 1961 1009; x_wconf 83' lang='lat' dir='ltr'>sustentacione</span> <span class='ocrx_word' id='word_1_150' title='bbox 1981 985 2020 1007; x_wconf 88' lang='lat' dir='ltr'>ac</span> <span class='ocrx_word' id='word_1_151' title='bbox 2046 974 2214 1007; x_wconf 84' lang='lat' dir='ltr'>literarum</span> 
     </span>
     <span class='ocr_line' id='line_1_14' title="bbox 354 1034 2217 1089; baseline -0.007 -11"><span class='ocrx_word' id='word_1_152' title='bbox 354 1045 461 1078; x_wconf 73' lang='lat' dir='ltr'>studio</span> <span class='ocrx_word' id='word_1_153' title='bbox 492 1044 561 1077; x_wconf 91' lang='lat' dir='ltr'>dari</span> <span class='ocrx_word' id='word_1_154' title='bbox 592 1049 622 1076; x_wconf 91' lang='lat' dir='ltr'>et</span> <span class='ocrx_word' id='word_1_155' title='bbox 654 1055 713 1089; x_wconf 85' lang='lat' dir='ltr'>per</span> <span class='ocrx_word' id='word_1_156' title='bbox 743 1045 1013 1076; x_wconf 65' lang='lat' dir='ltr'>testamentarius</span> <span class='ocrx_word' id='word_1_157' title='bbox 1042 1046 1094 1074; x_wconf 91' lang='lat' dir='ltr'>aut</span> <span class='ocrx_word' id='word_1_158' title='bbox 1127 1041 1266 1074; x_wconf 85' lang='lat' dir='ltr'>alterum</span> <span class='ocrx_word' id='word_1_159' title='bbox 1298 1050 1413 1072; x_wconf 89' lang='lat' dir='ltr'>eornm</span> <span class='ocrx_word' id='word_1_160' title='bbox 1436 1040 1620 1084; x_wconf 78' lang='lat' dir='ltr'>presentari</span> <span class='ocrx_word' id='word_1_161' title='bbox 1643 1036 1779 1070; x_wconf 82' lang='lat' dir='ltr'>debebit</span> <span class='ocrx_word' id='word_1_162' title='bbox 1809 1039 1839 1070; x_wconf 86' lang='lat' dir='ltr'>in</span> <span class='ocrx_word' id='word_1_163' title='bbox 1869 1037 2018 1069; x_wconf 84' lang='lat' dir='ltr'>terminis</span> <span class='ocrx_word' id='word_1_164' title='bbox 2039 1034 2217 1079; x_wconf 72' lang='lat' dir='ltr'>deputatis,</span> 
     </span>
     <span class='ocr_line' id='line_1_15' title="bbox 353 1096 2218 1150; baseline -0.005 -14"><span class='ocrx_word' id='word_1_165' title='bbox 353 1119 392 1137; x_wconf 66' lang='lat' dir='ltr'>vo</span> <span class='ocrx_word' id='word_1_166' title='bbox 424 1110 532 1139; x_wconf 87' lang='lat' dir='ltr'>tamen</span> <span class='ocrx_word' id='word_1_167' title='bbox 566 1109 719 1138; x_wconf 88' lang='lat' dir='ltr'>notanter</span> <span class='ocrx_word' id='word_1_168' title='bbox 749 1106 898 1150; x_wconf 74' lang='lat' dir='ltr'>proviso.</span> <span class='ocrx_word' id='word_1_169' title='bbox 929 1103 1015 1148; x_wconf 89' lang='lat' dir='ltr'>quod</span> <span class='ocrx_word' id='word_1_170' title='bbox 1047 1103 1165 1136; x_wconf 86' lang='lat' dir='ltr'>idonea</span> <span class='ocrx_word' id='word_1_171' title='bbox 1195 1112 1340 1147; x_wconf 82' lang='lat' dir='ltr'>persona</span> <span class='ocrx_word' id='word_1_172' title='bbox 1372 1111 1431 1145; x_wconf 88' lang='lat' dir='ltr'>pro</span> <span class='ocrx_word' id='word_1_173' title='bbox 1461 1099 1578 1131; x_wconf 87' lang='lat' dir='ltr'>eodem</span> <span class='ocrx_word' id='word_1_174' title='bbox 1610 1098 1702 1131; x_wconf 89' lang='lat' dir='ltr'>altari</span> <span class='ocrx_word' id='word_1_175' title='bbox 1734 1108 1793 1142; x_wconf 87' lang='lat' dir='ltr'>per</span> <span class='ocrx_word' id='word_1_176' title='bbox 1823 1099 1912 1142; x_wconf 85' lang='lat' dir='ltr'>ipsos</span> <span class='ocrx_word' id='word_1_177' title='bbox 1948 1096 2218 1129; x_wconf 85' lang='lat' dir='ltr'>testamentarios</span> 
     </span>
     <span class='ocr_line' id='line_1_16' title="bbox 353 1157 2218 1212; baseline -0.006 -13"><span class='ocrx_word' id='word_1_178' title='bbox 353 1168 538 1212; x_wconf 85' lang='lat' dir='ltr'>deputetur.</span> <span class='ocrx_word' id='word_1_179' title='bbox 561 1169 652 1210; x_wconf 64' lang='lat' dir='ltr'>qui³i</span> <span class='ocrx_word' id='word_1_180' title='bbox 682 1164 828 1198; x_wconf 86' lang='lat' dir='ltr'>ol&#39;lieiam</span> <span class='ocrx_word' id='word_1_181' title='bbox 851 1167 952 1197; x_wconf 76' lang='lat' dir='ltr'>misse</span> <span class='ocrx_word' id='word_1_182' title='bbox 982 1167 1112 1197; x_wconf 87' lang='lat' dir='ltr'>statutis</span> <span class='ocrx_word' id='word_1_183' title='bbox 1142 1162 1258 1196; x_wconf 89' lang='lat' dir='ltr'>diebus</span> <span class='ocrx_word' id='word_1_184' title='bbox 1280 1164 1368 1195; x_wconf 83' lang='lat' dir='ltr'>iuxta</span> <span class='ocrx_word' id='word_1_185' title='bbox 1391 1161 1466 1193; x_wconf 92' lang='lat' dir='ltr'>dicti</span> <span class='ocrx_word' id='word_1_186' title='bbox 1490 1158 1725 1193; x_wconf 84' lang='lat' dir='ltr'>Fleisbccklini</span> <span class='ocrx_word' id='word_1_187' title='bbox 1748 1160 1937 1192; x_wconf 78' lang='lat' dir='ltr'>testamenti</span> <span class='ocrx_word' id='word_1_188' title='bbox 1959 1157 2218 1202; x_wconf 80' lang='lat' dir='ltr'>disposicionem</span> 
     </span>
     <span class='ocr_line' id='line_1_17' title="bbox 353 1217 2218 1270; baseline -0.006 -10"><span class='ocrx_word' id='word_1_189' title='bbox 353 1227 499 1260; x_wconf 73' lang='lat' dir='ltr'>celebret</span> <span class='ocrx_word' id='word_1_190' title='bbox 532 1230 561 1259; x_wconf 93' lang='lat' dir='ltr'>in</span> <span class='ocrx_word' id='word_1_191' title='bbox 593 1226 724 1259; x_wconf 88' lang='lat' dir='ltr'>eodem.</span> <span class='ocrx_word' id='word_1_192' title='bbox 755 1228 797 1258; x_wconf 90' lang='lat' dir='ltr'>ita</span> <span class='ocrx_word' id='word_1_193' title='bbox 828 1224 914 1270; x_wconf 84' lang='lat' dir='ltr'>quod</span> <span class='ocrx_word' id='word_1_194' title='bbox 947 1224 1078 1258; x_wconf 77' lang='lat' dir='ltr'>divinus</span> <span class='ocrx_word' id='word_1_195' title='bbox 1108 1223 1214 1256; x_wconf 88' lang='lat' dir='ltr'>cultus</span> <span class='ocrx_word' id='word_1_196' title='bbox 1244 1233 1309 1256; x_wconf 86' lang='lat' dir='ltr'>nou</span> <span class='ocrx_word' id='word_1_197' title='bbox 1341 1221 1499 1267; x_wconf 77' lang='lat' dir='ltr'>depereat</span> <span class='ocrx_word' id='word_1_198' title='bbox 1530 1232 1592 1253; x_wconf 88' lang='lat' dir='ltr'>nec</span> <span class='ocrx_word' id='word_1_199' title='bbox 1622 1223 1727 1253; x_wconf 86' lang='lat' dir='ltr'>eciam</span> <span class='ocrx_word' id='word_1_200' title='bbox 1759 1217 1982 1264; x_wconf 79' lang='lat' dir='ltr'>quovismodo</span> <span class='ocrx_word' id='word_1_201' title='bbox 2017 1217 2218 1261; x_wconf 64' lang='lat' dir='ltr'>negligatur.</span> 
     </span>
     <span class='ocr_line' id='line_1_18' title="bbox 355 1283 2221 1331; baseline -0.007 -10"><span class='ocrx_word' id='word_1_202' title='bbox 355 1288 528 1321; x_wconf 76' lang='lat' dir='ltr'>l‘remissis</span> <span class='ocrx_word' id='word_1_203' title='bbox 565 1298 697 1331; x_wconf 88' lang='lat' dir='ltr'>qnoque</span> <span class='ocrx_word' id='word_1_204' title='bbox 736 1286 957 1319; x_wconf 90' lang='lat' dir='ltr'>adiiciendum</span> <span class='ocrx_word' id='word_1_205' title='bbox 972 1284 1002 1330; x_wconf 32' lang='grc' dir='ltr'>ἦ)</span> <span class='ocrx_word' id='word_1_206' title='bbox 1039 1285 1264 1318; x_wconf 77' lang='lat' dir='ltr'>decrevimus.</span> <span class='ocrx_word' id='word_1_207' title='bbox 1301 1284 1401 1328; x_wconf 89' lang='lat' dir='ltr'>qnod.</span> <span class='ocrx_word' id='word_1_208' title='bbox 1437 1285 1462 1315; x_wconf 72' lang='lat' dir='ltr'>si</span> <span class='ocrx_word' id='word_1_209' title='bbox 1495 1293 1555 1315; x_wconf 81' lang='lat' dir='ltr'>nos</span> <span class='ocrx_word' id='word_1_210' title='bbox 1584 1285 1639 1314; x_wconf 87' lang='lat' dir='ltr'>aut</span> <span class='ocrx_word' id='word_1_211' title='bbox 1667 1291 1848 1315; x_wconf 67' lang='lat' dir='ltr'>successor</span> <span class='ocrx_word' id='word_1_212' title='bbox 1878 1283 1991 1313; x_wconf 84' lang='lat' dir='ltr'>noster</span> <span class='ocrx_word' id='word_1_213' title='bbox 2020 1283 2221 1324; x_wconf 74' lang='lat' dir='ltr'>quicumque</span> 
     </span>
     <span class='ocr_line' id='line_1_19' title="bbox 353 1340 2218 1394; baseline -0.006 -13"><span class='ocrx_word' id='word_1_214' title='bbox 353 1352 530 1394; x_wconf 84' lang='lat' dir='ltr'>episeopus</span> <span class='ocrx_word' id='word_1_215' title='bbox 561 1348 793 1380; x_wconf 66' lang='lat' dir='ltr'>ttlouiueensis</span> <span class='ocrx_word' id='word_1_216' title='bbox 823 1347 1023 1380; x_wconf 83' lang='lat' dir='ltr'>antedictam</span> <span class='ocrx_word' id='word_1_217' title='bbox 1054 1346 1165 1379; x_wconf 69' lang='lat' dir='ltr'>villam</span> <span class='ocrx_word' id='word_1_218' title='bbox 1199 1344 1420 1378; x_wconf 77' lang='lat' dir='ltr'>Przaslawiez</span> <span class='ocrx_word' id='word_1_219' title='bbox 1452 1353 1602 1376; x_wconf 80' lang='lat' dir='ltr'>reemere</span> <span class='ocrx_word' id='word_1_220' title='bbox 1632 1342 1798 1375; x_wconf 78' lang='lat' dir='ltr'>vellemus</span> <span class='ocrx_word' id='word_1_221' title='bbox 1828 1345 1882 1373; x_wconf 85' lang='lat' dir='ltr'>aut</span> <span class='ocrx_word' id='word_1_222' title='bbox 1913 1340 2024 1374; x_wconf 80' lang='lat' dir='ltr'>vellet.</span> <span class='ocrx_word' id='word_1_223' title='bbox 2055 1342 2086 1373; x_wconf 92' lang='lat' dir='ltr'>in</span> <span class='ocrx_word' id='word_1_224' title='bbox 2116 1349 2218 1384; x_wconf 87' lang='lat' dir='ltr'>quaa</span> 
     </span>
     <span class='ocr_line' id='line_1_20' title="bbox 355 1399 2221 1455; baseline -0.004 -14"><span class='ocrx_word' id='word_1_225' title='bbox 355 1408 607 1455; x_wconf 68' lang='lat' dir='ltr'>possessoribus</span> <span class='ocrx_word' id='word_1_226' title='bbox 651 1408 737 1441; x_wconf 81' lang='lat' dir='ltr'>dicte</span> <span class='ocrx_word' id='word_1_227' title='bbox 780 1408 858 1441; x_wconf 75' lang='lat' dir='ltr'>ville</span> <span class='ocrx_word' id='word_1_228' title='bbox 901 1418 960 1452; x_wconf 89' lang='lat' dir='ltr'>pro</span> <span class='ocrx_word' id='word_1_229' title='bbox 1004 1411 1155 1452; x_wconf 85' lang='lat' dir='ltr'>tempore</span> <span class='ocrx_word' id='word_1_230' title='bbox 1194 1406 1280 1439; x_wconf 90' lang='lat' dir='ltr'>nulla</span> <span class='ocrx_word' id='word_1_231' title='bbox 1318 1404 1539 1438; x_wconf 81' lang='lat' dir='ltr'>contradictio</span> <span class='ocrx_word' id='word_1_232' title='bbox 1577 1414 1635 1436; x_wconf 86' lang='lat' dir='ltr'>scu</span> <span class='ocrx_word' id='word_1_233' title='bbox 1676 1405 1859 1436; x_wconf 87' lang='lat' dir='ltr'>renitencia</span> <span class='ocrx_word' id='word_1_234' title='bbox 1898 1402 1967 1435; x_wconf 89' lang='lat' dir='ltr'>lieri</span> <span class='ocrx_word' id='word_1_235' title='bbox 2007 1403 2128 1446; x_wconf 88' lang='lat' dir='ltr'>poterit</span> <span class='ocrx_word' id='word_1_236' title='bbox 2168 1399 2221 1434; x_wconf 85' lang='lat' dir='ltr'>vel</span> 
     </span>
     <span class='ocr_line' id='line_1_21' title="bbox 355 1464 2222 1513; baseline -0.005 -10"><span class='ocrx_word' id='word_1_237' title='bbox 355 1469 498 1503; x_wconf 85' lang='lat' dir='ltr'>debebit.</span> <span class='ocrx_word' id='word_1_238' title='bbox 529 1472 556 1503; x_wconf 84' lang='lat' dir='ltr'>si</span> <span class='ocrx_word' id='word_1_239' title='bbox 586 1474 616 1501; x_wconf 88' lang='lat' dir='ltr'>et</span> <span class='ocrx_word' id='word_1_240' title='bbox 649 1472 678 1502; x_wconf 85' lang='lat' dir='ltr'>in</span> <span class='ocrx_word' id='word_1_241' title='bbox 709 1473 865 1513; x_wconf 85' lang='lat' dir='ltr'>quantum</span> <span class='ocrx_word' id='word_1_242' title='bbox 896 1479 958 1502; x_wconf 89' lang='lat' dir='ltr'>nos</span> <span class='ocrx_word' id='word_1_243' title='bbox 987 1479 1046 1500; x_wconf 83' lang='lat' dir='ltr'>seu</span> <span class='ocrx_word' id='word_1_244' title='bbox 1077 1471 1192 1501; x_wconf 82' lang='lat' dir='ltr'>noster</span> <span class='ocrx_word' id='word_1_245' title='bbox 1211 1477 1391 1499; x_wconf 85' lang='lat' dir='ltr'>successor</span> <span class='ocrx_word' id='word_1_246' title='bbox 1420 1476 1481 1511; x_wconf 91' lang='lat' dir='ltr'>pro</span> <span class='ocrx_word' id='word_1_247' title='bbox 1511 1464 1606 1498; x_wconf 86' lang='lat' dir='ltr'>uobis</span> <span class='ocrx_word' id='word_1_248' title='bbox 1636 1468 1691 1497; x_wconf 51' lang='lat' dir='ltr'>aut¹</span> <span class='ocrx_word' id='word_1_249' title='bbox 1712 1475 1771 1509; x_wconf 85' lang='lat' dir='ltr'>pro</span> <span class='ocrx_word' id='word_1_250' title='bbox 1801 1474 1838 1497; x_wconf 84' lang='lat' dir='ltr'>se</span> <span class='ocrx_word' id='word_1_251' title='bbox 1868 1467 1898 1496; x_wconf 87' lang='lat' dir='ltr'>et</span> <span class='ocrx_word' id='word_1_252' title='bbox 1929 1473 1988 1495; x_wconf 87' lang='lat' dir='ltr'>usu</span> <span class='ocrx_word' id='word_1_253' title='bbox 2016 1472 2132 1495; x_wconf 88' lang='lat' dir='ltr'>mense</span> <span class='ocrx_word' id='word_1_254' title='bbox 2161 1472 2222 1494; x_wconf 79' lang='lat' dir='ltr'>sue</span> 
     </span>
     <span class='ocr_line' id='line_1_22' title="bbox 356 1527 2222 1576; baseline -0.004 -13"><span class='ocrx_word' id='word_1_255' title='bbox 356 1530 536 1576; x_wconf 72' lang='lat' dir='ltr'>episcopali</span> <span class='ocrx_word' id='word_1_256' title='bbox 567 1541 722 1563; x_wconf 88' lang='lat' dir='ltr'>reemere</span> <span class='ocrx_word' id='word_1_257' title='bbox 752 1529 916 1563; x_wconf 76' lang='lat' dir='ltr'>vellemus</span> <span class='ocrx_word' id='word_1_258' title='bbox 937 1533 989 1561; x_wconf 92' lang='lat' dir='ltr'>aut</span> <span class='ocrx_word' id='word_1_259' title='bbox 1020 1528 1121 1562; x_wconf 73' lang='lat' dir='ltr'>vellet</span> <span class='ocrx_word' id='word_1_260' title='bbox 1143 1532 1174 1561; x_wconf 83' lang='lat' dir='ltr'>et</span> <span class='ocrx_word' id='word_1_261' title='bbox 1203 1538 1268 1560; x_wconf 88' lang='lat' dir='ltr'>non</span> <span class='ocrx_word' id='word_1_262' title='bbox 1290 1527 1384 1560; x_wconf 84' lang='lat' dir='ltr'>alias.</span> <span class='ocrx_word' id='word_1_263' title='bbox 1415 1531 1538 1559; x_wconf 82' lang='lat' dir='ltr'>extunc</span> <span class='ocrx_word' id='word_1_264' title='bbox 1568 1536 1708 1571; x_wconf 85' lang='lat' dir='ltr'>pernes</span> <span class='ocrx_word' id='word_1_265' title='bbox 1731 1536 1789 1559; x_wconf 83' lang='lat' dir='ltr'>seu</span> <span class='ocrx_word' id='word_1_266' title='bbox 1812 1529 1960 1558; x_wconf 90' lang='lat' dir='ltr'>nostrum</span> <span class='ocrx_word' id='word_1_267' title='bbox 1987 1533 2222 1556; x_wconf 85' lang='lat' dir='ltr'>successorem</span> 
     </span>
     <span class='ocr_line' id='line_1_23' title="bbox 356 1583 2222 1636; baseline -0.004 -12"><span class='ocrx_word' id='word_1_268' title='bbox 356 1592 440 1624; x_wconf 86' lang='lat' dir='ltr'>dieta</span> <span class='ocrx_word' id='word_1_269' title='bbox 471 1594 610 1636; x_wconf 83' lang='lat' dir='ltr'>pecnnia</span> <span class='ocrx_word' id='word_1_270' title='bbox 641 1591 858 1623; x_wconf 76' lang='lat' dir='ltr'>ducentarum</span> <span class='ocrx_word' id='word_1_271' title='bbox 899 1600 1086 1622; x_wconf 87' lang='lat' dir='ltr'>marcarum</span> <span class='ocrx_word' id='word_1_272' title='bbox 1117 1588 1286 1634; x_wconf 82' lang='lat' dir='ltr'>persoluta</span> <span class='ocrx_word' id='word_1_273' title='bbox 1318 1587 1455 1621; x_wconf 77' lang='lat' dir='ltr'>disti-abi</span> <span class='ocrx_word' id='word_1_274' title='bbox 1493 1597 1558 1620; x_wconf 90' lang='lat' dir='ltr'>non</span> <span class='ocrx_word' id='word_1_275' title='bbox 1589 1585 1732 1626; x_wconf 86' lang='lat' dir='ltr'>debebit.</span> <span class='ocrx_word' id='word_1_276' title='bbox 1763 1597 1805 1619; x_wconf 90' lang='lat' dir='ltr'>ne</span> <span class='ocrx_word' id='word_1_277' title='bbox 1836 1586 1922 1619; x_wconf 83' lang='lat' dir='ltr'>sorte</span> <span class='ocrx_word' id='word_1_278' title='bbox 1953 1585 2084 1618; x_wconf 81' lang='lat' dir='ltr'>divinus</span> <span class='ocrx_word' id='word_1_279' title='bbox 2115 1583 2222 1618; x_wconf 83' lang='lat' dir='ltr'>cultus</span> 
     </span>
     <span class='ocr_line' id='line_1_24' title="bbox 357 1646 2222 1693; baseline -0.003 -9"><span class='ocrx_word' id='word_1_280' title='bbox 357 1655 521 1685; x_wconf 83' lang='lat' dir='ltr'>minuatur</span> <span class='ocrx_word' id='word_1_281' title='bbox 559 1662 617 1684; x_wconf 89' lang='lat' dir='ltr'>seu</span> <span class='ocrx_word' id='word_1_282' title='bbox 655 1653 760 1684; x_wconf 85' lang='lat' dir='ltr'>eciam</span> <span class='ocrx_word' id='word_1_283' title='bbox 801 1653 972 1683; x_wconf 84' lang='lat' dir='ltr'>testatoris</span> <span class='ocrx_word' id='word_1_284' title='bbox 1008 1649 1164 1683; x_wconf 82' lang='lat' dir='ltr'>voluntas</span> <span class='ocrx_word' id='word_1_285' title='bbox 1201 1648 1428 1687; x_wconf 69' lang='lat' dir='ltr'>defraudetur,</span> <span class='ocrx_word' id='word_1_286' title='bbox 1466 1658 1525 1693; x_wconf 88' lang='lat' dir='ltr'>pro</span> <span class='ocrx_word' id='word_1_287' title='bbox 1565 1651 1630 1680; x_wconf 88' lang='lat' dir='ltr'>tuta</span> <span class='ocrx_word' id='word_1_288' title='bbox 1661 1649 1930 1680; x_wconf 81' lang='lat' dir='ltr'>conservacione</span> <span class='ocrx_word' id='word_1_289' title='bbox 1964 1646 2003 1679; x_wconf 88' lang='lat' dir='ltr'>ad</span> <span class='ocrx_word' id='word_1_290' title='bbox 2034 1647 2222 1680; x_wconf 82' lang='lat' dir='ltr'>sacristiam</span> 
     </span>
     <span class='ocr_line' id='line_1_25' title="bbox 357 1705 2223 1756; baseline -0.003 -11"><span class='ocrx_word' id='word_1_291' title='bbox 357 1712 524 1745; x_wconf 79' lang='lat' dir='ltr'>antedicto</span> <span class='ocrx_word' id='word_1_292' title='bbox 555 1711 699 1745; x_wconf 80' lang='lat' dir='ltr'>ecclesie</span> <span class='ocrx_word' id='word_1_293' title='bbox 738 1711 973 1744; x_wconf 75' lang='lat' dir='ltr'>(llomueensis</span> <span class='ocrx_word' id='word_1_294' title='bbox 1012 1722 1071 1756; x_wconf 89' lang='lat' dir='ltr'>per</span> <span class='ocrx_word' id='word_1_295' title='bbox 1101 1710 1207 1744; x_wconf 87' lang='lat' dir='ltr'>dictos</span> <span class='ocrx_word' id='word_1_296' title='bbox 1237 1711 1507 1743; x_wconf 85' lang='lat' dir='ltr'>testamentarios</span> <span class='ocrx_word' id='word_1_297' title='bbox 1537 1713 1592 1741; x_wconf 84' lang='lat' dir='ltr'>aut</span> <span class='ocrx_word' id='word_1_298' title='bbox 1620 1709 1717 1751; x_wconf 68' lang='lat' dir='ltr'>alios.</span> <span class='ocrx_word' id='word_1_299' title='bbox 1748 1710 1801 1753; x_wconf 92' lang='lat' dir='ltr'>qui</span> <span class='ocrx_word' id='word_1_300' title='bbox 1833 1712 1908 1740; x_wconf 87' lang='lat' dir='ltr'>tuuc</span> <span class='ocrx_word' id='word_1_301' title='bbox 1939 1707 2072 1749; x_wconf 77' lang='lat' dir='ltr'>luerint,</span> <span class='ocrx_word' id='word_1_302' title='bbox 2112 1705 2223 1751; x_wconf 88' lang='lat' dir='ltr'>depo-</span> 
     </span>
     <span class='ocr_line' id='line_1_26' title="bbox 358 1769 2223 1817; baseline -0.004 -10"><span class='ocrx_word' id='word_1_303' title='bbox 358 1778 463 1807; x_wconf 89' lang='lat' dir='ltr'>natur.</span> <span class='ocrx_word' id='word_1_304' title='bbox 509 1783 682 1817; x_wconf 81' lang='lat' dir='ltr'>quousque</span> <span class='ocrx_word' id='word_1_305' title='bbox 725 1772 787 1805; x_wconf 88' lang='lat' dir='ltr'>alia</span> <span class='ocrx_word' id='word_1_306' title='bbox 831 1774 961 1817; x_wconf 85' lang='lat' dir='ltr'>empcio</span> <span class='ocrx_word' id='word_1_307' title='bbox 1005 1771 1190 1805; x_wconf 79' lang='lat' dir='ltr'>duodecem</span> <span class='ocrx_word' id='word_1_308' title='bbox 1234 1781 1421 1804; x_wconf 87' lang='lat' dir='ltr'>marcarum</span> <span class='ocrx_word' id='word_1_309' title='bbox 1471 1780 1530 1815; x_wconf 89' lang='lat' dir='ltr'>pro</span> <span class='ocrx_word' id='word_1_310' title='bbox 1573 1769 1739 1803; x_wconf 84' lang='lat' dir='ltr'>antedicto</span> <span class='ocrx_word' id='word_1_311' title='bbox 1779 1769 1873 1802; x_wconf 86' lang='lat' dir='ltr'>altari</span> <span class='ocrx_word' id='word_1_312' title='bbox 1913 1769 2023 1802; x_wconf 88' lang='lat' dir='ltr'>valeat</span> <span class='ocrx_word' id='word_1_313' title='bbox 2070 1769 2223 1813; x_wconf 86' lang='lat' dir='ltr'>reperiri.</span> 
     </span>
     <span class='ocr_line' id='line_1_27' title="bbox 357 1820 2225 1879; baseline -0.002 -14"><span class='ocrx_word' id='word_1_314' title='bbox 357 1836 569 1879; x_wconf 72' lang='lat' dir='ltr'>Quapropter</span> <span class='ocrx_word' id='word_1_315' title='bbox 598 1834 774 1867; x_wconf 76' lang='lat' dir='ltr'>antedictis</span> <span class='ocrx_word' id='word_1_316' title='bbox 804 1835 1063 1866; x_wconf 78' lang='lat' dir='ltr'>testamentariis</span> <span class='ocrx_word' id='word_1_317' title='bbox 1084 1835 1189 1865; x_wconf 85' lang='lat' dir='ltr'>eciam</span> <span class='ocrx_word' id='word_1_318' title='bbox 1212 1832 1309 1864; x_wconf 86' lang='lat' dir='ltr'>talem</span> <span class='ocrx_word' id='word_1_319' title='bbox 1330 1833 1480 1875; x_wconf 76' lang='lat' dir='ltr'>graciam</span> <span class='ocrx_word' id='word_1_320' title='bbox 1505 1830 1655 1866; x_wconf 76' lang='lat' dir='ltr'>sacimas.</span> <span class='ocrx_word' id='word_1_321' title='bbox 1677 1820 1763 1875; x_wconf 90' lang='lat' dir='ltr'>quod</span> <span class='ocrx_word' id='word_1_322' title='bbox 1787 1830 2066 1874; x_wconf 72' lang='lat' dir='ltr'>quandocumtpic</span> <span class='ocrx_word' id='word_1_323' title='bbox 2087 1838 2148 1861; x_wconf 90' lang='lat' dir='ltr'>nos</span> <span class='ocrx_word' id='word_1_324' title='bbox 2170 1831 2225 1861; x_wconf 78' lang='lat' dir='ltr'>aut</span> 
     </span>
     <span class='ocr_line' id='line_1_28' title="bbox 359 1891 2226 1936; baseline -0.003 -8"><span class='ocrx_word' id='word_1_325' title='bbox 359 1899 473 1928; x_wconf 83' lang='lat' dir='ltr'>noster</span> <span class='ocrx_word' id='word_1_326' title='bbox 516 1905 696 1928; x_wconf 78' lang='lat' dir='ltr'>successor</span> <span class='ocrx_word' id='word_1_327' title='bbox 738 1894 902 1927; x_wconf 74' lang='lat' dir='ltr'>vellemus</span> <span class='ocrx_word' id='word_1_328' title='bbox 944 1898 999 1926; x_wconf 84' lang='lat' dir='ltr'>aut</span> <span class='ocrx_word' id='word_1_329' title='bbox 1041 1893 1143 1926; x_wconf 86' lang='lat' dir='ltr'>vellet</span> <span class='ocrx_word' id='word_1_330' title='bbox 1182 1892 1302 1926; x_wconf 89' lang='lat' dir='ltr'>dictam</span> <span class='ocrx_word' id='word_1_331' title='bbox 1341 1891 1452 1925; x_wconf 75' lang='lat' dir='ltr'>villam</span> <span class='ocrx_word' id='word_1_332' title='bbox 1494 1902 1659 1925; x_wconf 87' lang='lat' dir='ltr'>reemere.</span> <span class='ocrx_word' id='word_1_333' title='bbox 1698 1895 1728 1924; x_wconf 89' lang='lat' dir='ltr'>ut</span> <span class='ocrx_word' id='word_1_334' title='bbox 1770 1893 1968 1936; x_wconf 85' lang='lat' dir='ltr'>premissum</span> <span class='ocrx_word' id='word_1_335' title='bbox 2000 1893 2062 1931; x_wconf 72' lang='lat' dir='ltr'>est.</span> <span class='ocrx_word' id='word_1_336' title='bbox 2101 1892 2226 1922; x_wconf 52' lang='lat' dir='ltr'>extunc</span> 
     </span>
     <span class='ocr_line' id='line_1_29' title="bbox 360 1949 2227 1999; baseline -0.003 -11"><span class='ocrx_word' id='word_1_337' title='bbox 360 1955 555 1989; x_wconf 81' lang='lat' dir='ltr'>debebimus</span> <span class='ocrx_word' id='word_1_338' title='bbox 592 1955 647 1988; x_wconf 72' lang='lat' dir='ltr'>vel</span> <span class='ocrx_word' id='word_1_339' title='bbox 687 1954 739 1987; x_wconf 91' lang='lat' dir='ltr'>ille</span> <span class='ocrx_word' id='word_1_340' title='bbox 769 1953 900 1987; x_wconf 81' lang='lat' dir='ltr'>debebit</span> <span class='ocrx_word' id='word_1_341' title='bbox 932 1957 1022 1999; x_wconf 84' lang='lat' dir='ltr'>ipsis.</span> <span class='ocrx_word' id='word_1_342' title='bbox 1062 1954 1156 1986; x_wconf 87' lang='lat' dir='ltr'>alteri</span> <span class='ocrx_word' id='word_1_343' title='bbox 1187 1964 1302 1986; x_wconf 87' lang='lat' dir='ltr'>eorum</span> <span class='ocrx_word' id='word_1_344' title='bbox 1342 1952 1397 1985; x_wconf 88' lang='lat' dir='ltr'>vel</span> <span class='ocrx_word' id='word_1_345' title='bbox 1426 1963 1542 1985; x_wconf 89' lang='lat' dir='ltr'>eorum</span> <span class='ocrx_word' id='word_1_346' title='bbox 1572 1950 1827 1985; x_wconf 73' lang='lat' dir='ltr'>successoribus</span> <span class='ocrx_word' id='word_1_347' title='bbox 1857 1962 1919 1984; x_wconf 76' lang='lat' dir='ltr'>sex</span> <span class='ocrx_word' id='word_1_348' title='bbox 1949 1949 2119 1984; x_wconf 86' lang='lat' dir='ltr'>mensibus</span> <span class='ocrx_word' id='word_1_349' title='bbox 2148 1953 2227 1983; x_wconf 83' lang='lat' dir='ltr'>ante</span> 
     </span>
     <span class='ocr_line' id='line_1_30' title="bbox 359 2010 2225 2062; baseline -0.003 -13"><span class='ocrx_word' id='word_1_350' title='bbox 359 2029 418 2062; x_wconf 90' lang='lat' dir='ltr'>per</span> <span class='ocrx_word' id='word_1_351' title='bbox 448 2016 602 2049; x_wconf 90' lang='lat' dir='ltr'>idoneum</span> <span class='ocrx_word' id='word_1_352' title='bbox 641 2018 817 2048; x_wconf 78' lang='lat' dir='ltr'>num-ciani</span> <span class='ocrx_word' id='word_1_353' title='bbox 857 2019 913 2048; x_wconf 86' lang='lat' dir='ltr'>aut</span> <span class='ocrx_word' id='word_1_354' title='bbox 950 2015 1053 2048; x_wconf 87' lang='lat' dir='ltr'>literis</span> <span class='ocrx_word' id='word_1_355' title='bbox 1092 2017 1244 2048; x_wconf 81' lang='lat' dir='ltr'>iutimare</span> <span class='ocrx_word' id='word_1_356' title='bbox 1273 2014 1425 2047; x_wconf 88' lang='lat' dir='ltr'>similiter</span> <span class='ocrx_word' id='word_1_357' title='bbox 1453 2015 1513 2058; x_wconf 79' lang='lat' dir='ltr'>ipsi</span> <span class='ocrx_word' id='word_1_358' title='bbox 1543 2023 1601 2045; x_wconf 85' lang='lat' dir='ltr'>scu</span> <span class='ocrx_word' id='word_1_359' title='bbox 1637 2012 1720 2045; x_wconf 85' lang='lat' dir='ltr'>alter</span> <span class='ocrx_word' id='word_1_360' title='bbox 1750 2023 1866 2045; x_wconf 88' lang='lat' dir='ltr'>eorum</span> <span class='ocrx_word' id='word_1_361' title='bbox 1897 2010 1993 2045; x_wconf 88' lang='lat' dir='ltr'>nobis</span> <span class='ocrx_word' id='word_1_362' title='bbox 2023 2015 2079 2044; x_wconf 81' lang='lat' dir='ltr'>aut</span> <span class='ocrx_word' id='word_1_363' title='bbox 2107 2014 2225 2044; x_wconf 86' lang='lat' dir='ltr'>nostro</span> 
     </span>
     <span class='ocr_line' id='line_1_31' title="bbox 361 2070 2227 2121; baseline -0.003 -10"><span class='ocrx_word' id='word_1_364' title='bbox 361 2080 561 2111; x_wconf 68' lang='lat' dir='ltr'>successori.</span> <span class='ocrx_word' id='word_1_365' title='bbox 592 2079 618 2110; x_wconf 87' lang='lat' dir='ltr'>si</span> <span class='ocrx_word' id='word_1_366' title='bbox 650 2077 734 2109; x_wconf 83' lang='lat' dir='ltr'>l&#39;orte</span> <span class='ocrx_word' id='word_1_367' title='bbox 765 2088 802 2109; x_wconf 87' lang='lat' dir='ltr'>se</span> <span class='ocrx_word' id='word_1_368' title='bbox 831 2078 880 2109; x_wconf 77' lang='lat' dir='ltr'>eis</span> <span class='ocrx_word' id='word_1_369' title='bbox 910 2080 983 2121; x_wconf 90' lang='lat' dir='ltr'>apta</span> <span class='ocrx_word' id='word_1_370' title='bbox 1006 2078 1136 2121; x_wconf 87' lang='lat' dir='ltr'>empcio</span> <span class='ocrx_word' id='word_1_371' title='bbox 1166 2075 1314 2118; x_wconf 70' lang='lat' dir='ltr'>offerret,</span> <span class='ocrx_word' id='word_1_372' title='bbox 1345 2086 1404 2120; x_wconf 92' lang='lat' dir='ltr'>pro</span> <span class='ocrx_word' id='word_1_373' title='bbox 1435 2074 1522 2107; x_wconf 90' lang='lat' dir='ltr'>dicto</span> <span class='ocrx_word' id='word_1_374' title='bbox 1543 2073 1638 2107; x_wconf 87' lang='lat' dir='ltr'>altari</span> <span class='ocrx_word' id='word_1_375' title='bbox 1668 2077 1831 2118; x_wconf 85' lang='lat' dir='ltr'>perpetuo</span> <span class='ocrx_word' id='word_1_376' title='bbox 1861 2083 1963 2106; x_wconf 87' lang='lat' dir='ltr'>censu</span> <span class='ocrx_word' id='word_1_377' title='bbox 1985 2070 2227 2118; x_wconf 85' lang='lat' dir='ltr'>comparando⁷</span> 
     </span>
     <span class='ocr_line' id='line_1_32' title="bbox 362 2134 2226 2181; baseline -0.004 -9"><span class='ocrx_word' id='word_1_378' title='bbox 362 2150 435 2172; x_wconf 83' lang='lat' dir='ltr'>cum</span> <span class='ocrx_word' id='word_1_379' title='bbox 473 2138 659 2171; x_wconf 87' lang='lat' dir='ltr'>antedictus</span> <span class='ocrx_word' id='word_1_380' title='bbox 698 2148 820 2170; x_wconf 86' lang='lat' dir='ltr'>census</span> <span class='ocrx_word' id='word_1_381' title='bbox 859 2137 1043 2170; x_wconf 83' lang='lat' dir='ltr'>duodecem</span> <span class='ocrx_word' id='word_1_382' title='bbox 1083 2147 1270 2170; x_wconf 86' lang='lat' dir='ltr'>marcarum</span> <span class='ocrx_word' id='word_1_383' title='bbox 1308 2146 1368 2181; x_wconf 86' lang='lat' dir='ltr'>pro</span> <span class='ocrx_word' id='word_1_384' title='bbox 1405 2135 1493 2168; x_wconf 88' lang='lat' dir='ltr'>dicto</span> <span class='ocrx_word' id='word_1_385' title='bbox 1531 2134 1624 2168; x_wconf 87' lang='lat' dir='ltr'>altari</span> <span class='ocrx_word' id='word_1_386' title='bbox 1659 2134 1833 2180; x_wconf 85' lang='lat' dir='ltr'>deputatus</span> <span class='ocrx_word' id='word_1_387' title='bbox 1864 2137 2025 2179; x_wconf 82' lang='lat' dir='ltr'>perpetue</span> <span class='ocrx_word' id='word_1_388' title='bbox 2054 2143 2130 2166; x_wconf 86' lang='lat' dir='ltr'>esse</span> <span class='ocrx_word' id='word_1_389' title='bbox 2160 2142 2226 2166; x_wconf 91' lang='lat' dir='ltr'>non</span> 
     </span>
     <span class='ocr_line' id='line_1_33' title="bbox 361 2193 2228 2245; baseline -0.003 -14"><span class='ocrx_word' id='word_1_390' title='bbox 361 2202 475 2245; x_wconf 68' lang='lat' dir='ltr'>possit.</span> <span class='ocrx_word' id='word_1_391' title='bbox 516 2197 610 2232; x_wconf 83' lang='lat' dir='ltr'>uobis</span> <span class='ocrx_word' id='word_1_392' title='bbox 648 2202 699 2230; x_wconf 82' lang='lat' dir='ltr'>aut</span> <span class='ocrx_word' id='word_1_393' title='bbox 740 2202 855 2231; x_wconf 86' lang='lat' dir='ltr'>nostro</span> <span class='ocrx_word' id='word_1_394' title='bbox 898 2200 1087 2231; x_wconf 82' lang='lat' dir='ltr'>successori</span> <span class='ocrx_word' id='word_1_395' title='bbox 1127 2196 1290 2231; x_wconf 80' lang='lat' dir='ltr'>exhibere</span> <span class='ocrx_word' id='word_1_396' title='bbox 1328 2200 1361 2229; x_wconf 84' lang='lat' dir='ltr'>et</span> <span class='ocrx_word' id='word_1_397' title='bbox 1390 2198 1542 2229; x_wconf 80' lang='lat' dir='ltr'>intimare</span> <span class='ocrx_word' id='word_1_398' title='bbox 1572 2194 1783 2237; x_wconf 72' lang='lat' dir='ltr'>tenebuntur.</span> <span class='ocrx_word' id='word_1_399' title='bbox 1813 2198 1839 2228; x_wconf 87' lang='lat' dir='ltr'>si</span> <span class='ocrx_word' id='word_1_400' title='bbox 1871 2194 1957 2228; x_wconf 85' lang='lat' dir='ltr'>sorte</span> <span class='ocrx_word' id='word_1_401' title='bbox 1977 2193 2142 2228; x_wconf 86' lang='lat' dir='ltr'>vellemus</span> <span class='ocrx_word' id='word_1_402' title='bbox 2171 2197 2228 2226; x_wconf 82' lang='lat' dir='ltr'>aut</span> 
     </span>
     <span class='ocr_line' id='line_1_34' title="bbox 362 2256 2229 2304; baseline -0.003 -12"><span class='ocrx_word' id='word_1_403' title='bbox 362 2260 465 2293; x_wconf 74' lang='lat' dir='ltr'>vellet</span> <span class='ocrx_word' id='word_1_404' title='bbox 496 2271 554 2304; x_wconf 92' lang='lat' dir='ltr'>pro</span> <span class='ocrx_word' id='word_1_405' title='bbox 594 2270 651 2292; x_wconf 76' lang='lat' dir='ltr'>sua</span> <span class='ocrx_word' id='word_1_406' title='bbox 692 2270 806 2292; x_wconf 86' lang='lat' dir='ltr'>mensa</span> <span class='ocrx_word' id='word_1_407' title='bbox 844 2270 999 2292; x_wconf 85' lang='lat' dir='ltr'>reemerc</span> <span class='ocrx_word' id='word_1_408' title='bbox 1027 2259 1138 2292; x_wconf 90' lang='lat' dir='ltr'>villam</span> <span class='ocrx_word' id='word_1_409' title='bbox 1169 2257 1391 2299; x_wconf 72' lang='lat' dir='ltr'>antedictam3</span> <span class='ocrx_word' id='word_1_410' title='bbox 1422 2259 1471 2290; x_wconf 90' lang='lat' dir='ltr'>sin</span> <span class='ocrx_word' id='word_1_411' title='bbox 1501 2261 1625 2298; x_wconf 66' lang='lat' dir='ltr'>autem,</span> <span class='ocrx_word' id='word_1_412' title='bbox 1656 2256 1741 2301; x_wconf 92' lang='lat' dir='ltr'>quod</span> <span class='ocrx_word' id='word_1_413' title='bbox 1775 2256 1895 2289; x_wconf 91' lang='lat' dir='ltr'>licitum</span> <span class='ocrx_word' id='word_1_414' title='bbox 1926 2259 1988 2297; x_wconf 68' lang='lat' dir='ltr'>est,</span> <span class='ocrx_word' id='word_1_415' title='bbox 2018 2257 2067 2288; x_wconf 88' lang='lat' dir='ltr'>sic</span> <span class='ocrx_word' id='word_1_416' title='bbox 2095 2257 2144 2288; x_wconf 87' lang='lat' dir='ltr'>eis</span> <span class='ocrx_word' id='word_1_417' title='bbox 2173 2257 2229 2286; x_wconf 83' lang='lat' dir='ltr'>aut</span> 
     </span>
     <span class='ocr_line' id='line_1_35' title="bbox 363 2314 2227 2365; baseline -0.003 -12"><span class='ocrx_word' id='word_1_418' title='bbox 363 2321 457 2353; x_wconf 88' lang='lat' dir='ltr'>alteri</span> <span class='ocrx_word' id='word_1_419' title='bbox 488 2331 603 2353; x_wconf 89' lang='lat' dir='ltr'>eorum</span> <span class='ocrx_word' id='word_1_420' title='bbox 633 2319 784 2353; x_wconf 81' lang='lat' dir='ltr'>vendere</span> <span class='ocrx_word' id='word_1_421' title='bbox 821 2330 880 2365; x_wconf 88' lang='lat' dir='ltr'>pro</span> <span class='ocrx_word' id='word_1_422' title='bbox 910 2330 1037 2353; x_wconf 86' lang='lat' dir='ltr'>summa</span> <span class='ocrx_word' id='word_1_423' title='bbox 1069 2319 1217 2365; x_wconf 85' lang='lat' dir='ltr'>predicta</span> <span class='ocrx_word' id='word_1_424' title='bbox 1257 2317 1317 2351; x_wconf 87' lang='lat' dir='ltr'>sub</span> <span class='ocrx_word' id='word_1_425' title='bbox 1348 2317 1454 2351; x_wconf 82' lang='lat' dir='ltr'>modis</span> <span class='ocrx_word' id='word_1_426' title='bbox 1483 2322 1516 2350; x_wconf 89' lang='lat' dir='ltr'>et.</span> <span class='ocrx_word' id='word_1_427' title='bbox 1544 2316 1807 2350; x_wconf 83' lang='lat' dir='ltr'>condicionibus.</span> <span class='ocrx_word' id='word_1_428' title='bbox 1847 2316 1965 2361; x_wconf 86' lang='lat' dir='ltr'>quibus</span> <span class='ocrx_word' id='word_1_429' title='bbox 1995 2319 2055 2362; x_wconf 89' lang='lat' dir='ltr'>ipsi</span> <span class='ocrx_word' id='word_1_430' title='bbox 2085 2314 2227 2349; x_wconf 86' lang='lat' dir='ltr'>eandem</span> 
     </span>
     <span class='ocr_line' id='line_1_36' title="bbox 365 2376 2227 2426; baseline -0.002 -13"><span class='ocrx_word' id='word_1_431' title='bbox 365 2381 586 2426; x_wconf 78' lang='lat' dir='ltr'>possiderunt.</span> <span class='ocrx_word' id='word_1_432' title='bbox 632 2380 854 2414; x_wconf 87' lang='lat' dir='ltr'>Deceruimns</span> <span class='ocrx_word' id='word_1_433' title='bbox 884 2383 990 2413; x_wconf 85' lang='lat' dir='ltr'>eciam</span> <span class='ocrx_word' id='word_1_434' title='bbox 1021 2384 1053 2413; x_wconf 85' lang='lat' dir='ltr'>et</span> <span class='ocrx_word' id='word_1_435' title='bbox 1083 2379 1304 2421; x_wconf 67' lang='lat' dir='ltr'>declaramus,</span> <span class='ocrx_word' id='word_1_436' title='bbox 1335 2378 1420 2423; x_wconf 90' lang='lat' dir='ltr'>quod</span> <span class='ocrx_word' id='word_1_437' title='bbox 1451 2377 1607 2411; x_wconf 76' lang='lat' dir='ltr'>antedicti</span> <span class='ocrx_word' id='word_1_438' title='bbox 1638 2380 1881 2411; x_wconf 82' lang='lat' dir='ltr'>testamentarii</span> <span class='ocrx_word' id='word_1_439' title='bbox 1915 2381 1970 2410; x_wconf 85' lang='lat' dir='ltr'>aut</span> <span class='ocrx_word' id='word_1_440' title='bbox 1998 2376 2082 2410; x_wconf 83' lang='lat' dir='ltr'>alter</span> <span class='ocrx_word' id='word_1_441' title='bbox 2111 2386 2227 2409; x_wconf 82' lang='lat' dir='ltr'>corum</span> 
     </span>
     <span class='ocr_line' id='line_1_37' title="bbox 364 2438 2226 2487; baseline -0.002 -13"><span class='ocrx_word' id='word_1_442' title='bbox 364 2453 423 2475; x_wconf 82' lang='lat' dir='ltr'>seu</span> <span class='ocrx_word' id='word_1_443' title='bbox 454 2445 558 2474; x_wconf 77' lang='lat' dir='ltr'>eriam</span> <span class='ocrx_word' id='word_1_444' title='bbox 591 2442 643 2475; x_wconf 83' lang='lat' dir='ltr'>alii</span> <span class='ocrx_word' id='word_1_445' title='bbox 680 2452 898 2487; x_wconf 86' lang='lat' dir='ltr'>possessores</span> <span class='ocrx_word' id='word_1_446' title='bbox 939 2440 1018 2474; x_wconf 81' lang='lat' dir='ltr'>ville</span> <span class='ocrx_word' id='word_1_447' title='bbox 1047 2440 1207 2485; x_wconf 71' lang='lat' dir='ltr'>predicte.</span> <span class='ocrx_word' id='word_1_448' title='bbox 1246 2438 1362 2484; x_wconf 85' lang='lat' dir='ltr'>quibus</span> <span class='ocrx_word' id='word_1_449' title='bbox 1402 2441 1461 2484; x_wconf 84' lang='lat' dir='ltr'>ipsi</span> <span class='ocrx_word' id='word_1_450' title='bbox 1501 2438 1640 2472; x_wconf 84' lang='lat' dir='ltr'>eandem</span> <span class='ocrx_word' id='word_1_451' title='bbox 1672 2438 1848 2471; x_wconf 87' lang='lat' dir='ltr'>tenendam</span> <span class='ocrx_word' id='word_1_452' title='bbox 1879 2440 2087 2479; x_wconf 69' lang='lat' dir='ltr'>comiserint7</span> <span class='ocrx_word' id='word_1_453' title='bbox 2124 2440 2226 2482; x_wconf 86' lang='lat' dir='ltr'>ipsam</span> 
     </span>
     <span class='ocr_line' id='line_1_38' title="bbox 365 2497 2225 2547; baseline -0.002 -12"><span class='ocrx_word' id='word_1_454' title='bbox 365 2506 510 2535; x_wconf 86' lang='lat' dir='ltr'>teneant.</span> <span class='ocrx_word' id='word_1_455' title='bbox 542 2503 745 2547; x_wconf 79' lang='lat' dir='ltr'>possideant.</span> <span class='ocrx_word' id='word_1_456' title='bbox 775 2500 965 2545; x_wconf 68' lang='lat' dir='ltr'>gubernent</span> <span class='ocrx_word' id='word_1_457' title='bbox 994 2506 1026 2534; x_wconf 87' lang='lat' dir='ltr'>et</span> <span class='ocrx_word' id='word_1_458' title='bbox 1050 2512 1088 2533; x_wconf 85' lang='lat' dir='ltr'>ea</span> <span class='ocrx_word' id='word_1_459' title='bbox 1119 2505 1252 2533; x_wconf 89' lang='lat' dir='ltr'>utantur</span> <span class='ocrx_word' id='word_1_460' title='bbox 1281 2510 1354 2533; x_wconf 89' lang='lat' dir='ltr'>cnm</span> <span class='ocrx_word' id='word_1_461' title='bbox 1386 2498 1540 2532; x_wconf 86' lang='lat' dir='ltr'>omnibus</span> <span class='ocrx_word' id='word_1_462' title='bbox 1569 2503 1602 2531; x_wconf 85' lang='lat' dir='ltr'>et</span> <span class='ocrx_word' id='word_1_463' title='bbox 1629 2499 1770 2543; x_wconf 74' lang='lat' dir='ltr'>singulis</span> <span class='ocrx_word' id='word_1_464' title='bbox 1791 2498 1962 2541; x_wconf 75' lang='lat' dir='ltr'>censibus,</span> <span class='ocrx_word' id='word_1_465' title='bbox 1992 2497 2225 2544; x_wconf 67' lang='lat' dir='ltr'>proventibus,</span> 
     </span>
     <span class='ocr_line' id='line_1_39' title="bbox 366 2559 2228 2603; baseline -0.002 -8"><span class='ocrx_word' id='word_1_466' title='bbox 366 2563 610 2596; x_wconf 83' lang='lat' dir='ltr'>emolumentis.</span> <span class='ocrx_word' id='word_1_467' title='bbox 633 2562 824 2595; x_wconf 86' lang='lat' dir='ltr'>utilitatibus</span> <span class='ocrx_word' id='word_1_468' title='bbox 854 2574 893 2594; x_wconf 86' lang='lat' dir='ltr'>ac</span> <span class='ocrx_word' id='word_1_469' title='bbox 923 2561 1141 2594; x_wconf 85' lang='lat' dir='ltr'>libertatibus.</span> <span class='ocrx_word' id='word_1_470' title='bbox 1172 2560 1272 2594; x_wconf 92' lang='lat' dir='ltr'>nichil</span> <span class='ocrx_word' id='word_1_471' title='bbox 1303 2559 1397 2593; x_wconf 85' lang='lat' dir='ltr'>nobis</span> <span class='ocrx_word' id='word_1_472' title='bbox 1427 2564 1480 2593; x_wconf 91' lang='lat' dir='ltr'>aut</span> <span class='ocrx_word' id='word_1_473' title='bbox 1512 2559 1765 2593; x_wconf 77' lang='lat' dir='ltr'>successoribus</span> <span class='ocrx_word' id='word_1_474' title='bbox 1796 2562 1919 2593; x_wconf 87' lang='lat' dir='ltr'>nostris</span> <span class='ocrx_word' id='word_1_475' title='bbox 1941 2562 2020 2592; x_wconf 89' lang='lat' dir='ltr'>iuris</span> <span class='ocrx_word' id='word_1_476' title='bbox 2050 2569 2108 2592; x_wconf 89' lang='lat' dir='ltr'>seu</span> <span class='ocrx_word' id='word_1_477' title='bbox 2139 2568 2228 2603; x_wconf 88' lang='lat' dir='ltr'>pro-</span> 
     </span>
    </p>
   </div>
   <div class='ocr_carea' id='block_1_3' title="bbox 532 2692 1244 2725">
    <p class='ocr_par' dir='ltr' id='par_1_3' title="bbox 532 2692 1244 2725">
     <span class='ocr_line' id='line_1_40' title="bbox 532 2692 1244 2725; baseline -0.004 -6"><span class='ocrx_word' id='word_1_478' title='bbox 532 2704 533 2715; x_wconf 70' lang='lat'>1</span> <span class='ocrx_word' id='word_1_479' title='bbox 578 2693 655 2719; x_wconf 53' lang='lat' dir='ltr'>(trie.</span> <span class='ocrx_word' id='word_1_480' title='bbox 869 2694 883 2715; x_wconf 74' lang='lat' dir='ltr'>i·</span> <span class='ocrx_word' id='word_1_481' title='bbox 925 2692 1019 2725; x_wconf 50' lang='lat' dir='ltr'>striga:</span> <span class='ocrx_word' id='word_1_482' title='bbox 1044 2692 1244 2717; x_wconf 64' lang='lat' dir='ltr'>:iadieienduiii</span> 
     </span>
    </p>
   </div>
  </div>
 </body>
</html>
