2358 3105
1055 226 1094 258 31

149 329 273 363 habere
303 332 491 373 contigerit„
523 334 598 362 tunc
631 329 816 363 huiusmodi
847 332 896 363 sui
927 329 1019 362 liberi
1050 334 1079 362 et
1111 329 1254 363 heredes
1284 330 1322 362 ad
1347 333 1449 375 ipsum
1481 331 1632 364 diu-ntum
1666 332 2006 368 Lucenibumensem.

147 392 338 423 comitatum
370 388 463 422 Czini
492 394 520 422 et
553 389 769 423 advocaciam
800 390 938 423 Alsacie
967 390 1151 423 succedere
1181 389 1344 423 debebunt
1377 395 1407 423 ct
1433 390 1613 424 succedent
1636 396 1665 424 et
1697 392 1828 425 vassalli
1853 396 1945 428 regni
1978 398 2005 425 et

147 461 275 484 corone
317 449 454 483 Boemie
502 449 705 483 hereditarie
744 453 925 495 nuncupari
966 453 1180 495 ipsorumque
1218 450 1368 483 ducatus.
1408 454 1582 484 comitatus
1618 456 1648 484 ct
1688 452 1870 485 advocari<¹
1914 459 2006 486 erunt

147 513 220 544 veri
259 510 403 544 heredes
441 515 473 544 ct
508 511 643 544 domini.
693 511 773 544 ltem
820 513 845 544 si
884 511 1031 556 predicta
1071 510 1241 544 Elizabeth
1290 510 1402 543 liberis
1442 516 1471 544 et
1512 511 1689 545 heredibus
1728 524 1771 545 cx
1820 516 1881 545 iam
1926 513 2011 546 dit-to

149 574 360 605 matrimonio
389 582 456 604 non
486 571 654 605 derelictis
684 571 754 604 dies
783 582 861 605 suos
891 571 1062 604 clauderet.
1091 576 1262 605 extremos
1306 571 1358 605 vel
1395 574 1493 604 etiam
1524 575 1594 617 ipsa
1624 572 1794 606 Elizabetli
1827 573 1939 607 liberis
1970 586 2010 607 ex

149 632 337 666 huiusmodi
385 634 594 665 matrimonio
642 631 861 665 existentibus
909 633 1093 665 decesserit
1141 636 1172 665 et
1219 636 1333 678 postea
1382 631 1481 665 iidem
1529 632 1622 666 liberi
1653 638 1685 666 ct
1731 633 1876 667 heredes
1915 638 2011 667 ctiam

147 692 367 726 decederent.
412 697 487 725 tunc
525 703 586 725 nos
624 692 804 732 Antonius„
844 692 987 726 heredes
1026 697 1058 725 et
1095 704 1313 726 successores
1351 696 1455 726 nostri
1490 693 1642 726 ducatum
1682 694 2010 739 Lucemlmrgensein

149 763 224 786 cum
261 755 416 786 comitatu
447 751 538 786 Czini
578 757 611 786 et
640 756 738 786 etiam
773 753 956 787 advocacia
987 754 1136 795 Alsacte,
1175 764 1248 786 cum
1282 756 1468 795 territoriis,
1510 754 1710 791 civitatibus*
1753 755 1853 791 villis
1892 755 2015 800 opidis.

148 816 281 855 castris„
311 813 482 847 fortaliciis
503 817 535 846 et
555 816 723 847 universis
753 824 868 847 corum
898 816 1127 859 pertinenciis„
1162 818 1275 848 castro
1306 813 1382 847 Fels
1413 813 1573 847 duntaxat
1604 819 1759 860 excepto.
1797 826 1856 861 pro
1893 815 2014 849 buius-

151 874 238 907 modi
269 876 408 919 pecunie
438 884 578 934 supima‚
608 885 668 919 pro
690 885 752 919 qua
782 877 852 919 ipsa
882 873 1055 908 Elizabetb
1086 886 1145 908 seu
1175 885 1236 908 nos
1270 874 1437 908 Antonius
1466 886 1526 908 suo
1560 878 1693 908 immine
1723 879 1812 920 ipsos
1850 880 1880 909 et
1912 879 2013 921 ipsam

149 945 167 967 a
198 935 328 980 prefato
367 934 495 968 Jodoco
536 937 658 968 virtute
688 935 801 968 indulti
832 940 863 968 ut
893 938 1092 981 premittitur
1120 935 1362 969 redemerimus
1392 939 1423 969 et
1453 936 1711 972 exsolverimus,
1742 936 1868 981 absque
1906 937 2015 982 aliqua

151 995 330 1033 fructuum,
354 996 538 1030 reddituum
560 1000 591 1029 et
611 1000 834 1040 proventuum
856 996 896 1029 de
917 996 1042 1029 eisdem
1065 996 1183 1029 ducatu
1204 995 1491 1041 Luccmburgensi
1513 1001 1543 1029 et
1566 999 1723 1030 comitatu
1745 998 1834 1030 Czini
1857 1009 1895 1030 ac
1916 1000 2013 1030 etiam

150 1055 334 1089 advocacia
378 1055 515 1089 Alsacie
562 1060 797 1101 perceptorum
846 1055 1097 1098 defalcacione3
1136 1067 1219 1101 quos
1267 1059 1299 1089 in
1342 1060 1466 1090 sortem
1515 1060 1616 1102 ipsius
1659 1068 1786 1091 summe
1826 1057 2015 1103 principalis

149 1119 334 1161 computari
372 1117 475 1150 noluit
514 1117 598 1150 idem
636 1127 699 1149 rex
738 1115 874 1149 Boemie
917 1116 1162 1161 quoquomodo,
1205 1128 1323 1150 verum
1362 1120 1451 1163 ipsos
1491 1117 1584 1151 nobis
1624 1118 1772 1151 Antonio
1811 1119 1945 1151 donavit
1985 1122 2016 1150 et

150 1176 205 1209 dat
236 1176 276 1210 de
305 1180 420 1221 gracia
450 1178 603 1223 speciali,
633 1177 723 1211 titulo
753 1180 827 1211 veri
857 1181 889 1211 et
908 1180 983 1211 iusti
1012 1180 1163 1222 pignoris
1195 1177 1332 1219 habere,
1362 1182 1478 1211 tenere
1508 1183 1540 1212 et
1568 1178 1707 1223 pacifice
1736 1179 1910 1224 possidere
1940 1190 2014 1212 cum

149 1237 304 1271 omnibus
333 1241 402 1271 suis
431 1241 646 1283 pertinenciis
668 1238 919 1283 quibuscunque
948 1237 1130 1272 debeamus
1159 1242 1191 1271 et
1213 1238 1460 1284 possidebimus
1490 1242 1531 1272 ita
1554 1240 1661 1284 ample
1691 1244 1723 1272 et
1756 1242 1899 1284 integre.
1930 1242 2012 1272 sicut

150 1298 219 1331 dux
256 1297 481 1332 XVenzeslaus
520 1298 704 1332 dell'unctus
751 1301 854 1332 tenuit
896 1310 1039 1343 unquam
1078 1299 1152 1332 illos
1191 1303 1223 1332 et
1258 1299 1345 1332 illam
1384 1302 1456 1345 ipso
1494 1303 1644 1336 vivente.
1685 1300 1806 1333 tamdiu
1841 1311 2016 1345 quousque

151 1358 247 1392 nobis
295 1359 423 1404 prefata
471 1362 611 1404 pecunie
658 1371 785 1393 summa
824 1371 885 1405 per
922 1359 1041 1392 dictum
1080 1370 1197 1404 regem
1235 1359 1385 1402 Boemie,
1430 1360 1574 1394 heredes
1614 1365 1645 1393 et
1683 1372 1898 1394 successores
1938 1371 2016 1394 suos

152 1430 295 1453 unacum
338 1425 468 1453 centum
509 1425 541 1453 et
583 1423 700 1464 viginti
747 1419 876 1453 milibus
920 1420 1123 1453 florenorum
1161 1419 1327 1454 Renensis
1362 1425 1507 1464 monete3
1546 1432 1628 1466 quos
1670 1421 1800 1467 prefate
1842 1421 2015 1455 Elizabeth

153 1483 183 1513 in
214 1480 396 1514 subsidium
434 1480 541 1514 felicis
577 1483 883 1514 consummacionis
921 1480 1007 1514 dicte
1045 1491 1104 1514 sue
1142 1481 1315 1526 parent-ele
1353 1486 1385 1514 et
1414 1485 1614 1515 matrimonii
1653 1484 1684 1515 in
1723 1487 1755 1515 et
1793 1493 1892 1528 super
1928 1482 2016 1515 dicto

152 1540 272 1574 ducatu
310 1540 607 1585 Lucemburgensi.
654 1544 810 1574 comitatu
851 1539 942 1574 Czini
980 1545 1012 1574 et
1049 1544 1147 1574 etiam
1184 1541 1368 1575 advocacia
1408 1542 1547 1576 Alsacie
1590 1554 1663 1577 cum
1702 1545 1916 1588 pertinenciis
1946 1546 2015 1575 suis

151 1601 238 1635 idem
286 1613 347 1635 rex
394 1601 531 1635 Boemie
561 1602 601 1635 de
649 1601 879 1635 munificencia
923 1613 981 1635 sua
1024 1602 1162 1646 speciali
1206 1601 1296 1635 dedit
1339 1607 1370 1635 et
1412 1605 1568 1647 graciose
1616 1603 1783 1648 deputavit
1828 1607 1940 1648 parata
1984 1606 2016 1635 in

153 1665 326 1708 peccunia.
365 1662 451 1705 data,
490 1662 659 1707 persoluta
699 1667 731 1695 et
768 1667 939 1696 numerata
979 1662 1077 1696 fuerit
1114 1663 1323 1707 integraliter
1361 1668 1393 1697 et
1434 1664 1473 1697 ad
1503 1664 1648 1709 plenum.
1701 1663 1742 1697 Et
1771 1667 1800 1697 in
1831 1675 1922 1697 casu.
1953 1674 2016 1708 quo

154 1733 215 1757 nos
255 1724 437 1757 Antonium
475 1722 672 1768 predictum.
712 1722 856 1756 heredes
893 1728 923 1756 et
961 1734 1178 1757 successores
1207 1728 1341 1758 nostros
1370 1735 1431 1770 pro
1461 1724 1667 1758 deffensione
1701 1725 1838 1758 ducatus
1869 1724 2016 1757 Lucem-

152 1783 344 1827 burgensis‚
387 1786 563 1816 comitatus
603 1783 695 1816 Czini
734 1788 765 1816 et
804 1784 988 1829 advocacie
1034 1784 1172 1817 Alsacie
1216 1784 1443 1830 predictorum
1486 1796 1616 1819 necnon
1661 1788 1805 1819 tuicione
1843 1796 1882 1818 ac
1915 1788 2014 1818 etiam

151 1847 420 1878 conservacione
457 1847 574 1877 iurium
615 1855 750 1877 suorum
790 1844 1040 1889 quibuscunque
1069 1844 1282 1878 invasoribus
1311 1856 1370 1879 seu
1400 1846 1657 1891 oppressoribus
1686 1849 1832 1891 ipsorum
1863 1846 1902 1879 de
1931 1848 2014 1879 scitu

152 1909 261 1938 tamen
305 1907 407 1950 ipsius
449 1908 541 1949 regis
583 1904 721 1938 Boemie
763 1916 921 1949 guerram
966 1915 1105 1939 movere
1148 1908 1372 1950 contingeret.
1416 1907 1571 1952 quicquid
1601 1907 1732 1952 dampni
1772 1911 1835 1940 tam
1880 1910 2015 1940 racione

152 1967 390 2011 impensarum
421 1976 518 2010 quam
549 1969 647 1999 etiam
668 1968 825 2009 gencium
855 1969 1119 2011 pe1·ceperi1nus‚
1148 1966 1178 1999 id
1200 1969 1306 2012 ipsum
1336 1967 1423 2000 dicto
1444 1967 1583 2001 Boemie
1612 1971 1685 2012 regi
1711 1972 1742 2001 et
1763 1967 2015 2001 successoribus

151 2029 222 2059 suis
259 2025 399 2059 Boemie
435 2025 573 2070 regibus
612 2028 643 2059 in
673 2030 797 2059 sortem
836 2026 1026 2072 principalis
1055 2037 1195 2069 summe,
1234 2038 1294 2072 pro
1332 2039 1394 2073 qua
1429 2031 1500 2073 ipse
1539 2029 1677 2062 ducatus
1711 2027 2014 2072 Lucemhurgensis

153 2097 228 2120 cum
259 2089 415 2120 comitatu
440 2086 532 2120 Czini
562 2091 594 2120 et
624 2087 807 2120 advocacia
830 2087 966 2120 Alsacie
994 2098 1055 2132 per
1083 2086 1246 2133 prefatam
1276 2087 1448 2122 Elizabetb
1479 2100 1537 2121 seu
1569 2092 1670 2134 ipsius
1700 2092 1834 2122 nomine
1863 2099 1923 2134 per
1956 2099 2016 2121 uos

153 2147 334 2180 Antonium
373 2147 557 2193 predictum
598 2147 741 2181 exsoluti
792 2146 915 2180 fuerint
953 2152 985 2180 et
1029 2148 1202 2193 redempti„
1249 2148 1353 2181 voluit
1389 2149 1474 2182 idem
1514 2160 1575 2182 rex
1622 2149 1759 2183 Boemie
1798 2154 1829 2182 et
1867 2149 2017 2182 decrevit

152 2207 333 2253 superaddi
372 2219 514 2241 unacum
552 2208 700 2253 predicta
741 2218 867 2241 summa
907 2212 1038 2241 centurn
1077 2212 1109 2241 et
1137 2211 1256 2253 viginti
1296 2209 1417 2243 milium
1449 2209 1651 2243 florenorum
1687 2209 1815 2255 prefate
1844 2209 2014 2243 Elizaheth

156 2271 188 2302 in
217 2268 398 2302 subsidium
429 2271 479 2302 sui
509 2271 708 2302 matrimonii
738 2273 771 2301 ut
801 2268 970 2314 prefertur
998 2268 1251 2314 deputatorum:
1291 2274 1323 2302 et
1357 2270 1508 2303 similiter
1550 2270 1705 2315 quicquid
1736 2280 1797 2303 nos
1833 2270 2012 2303 Antonius.

154 2329 297 2363 heredes
327 2333 357 2362 et
387 2340 605 2363 successores
635 2332 739 2362 nostri
769 2332 799 2363 in
830 2329 1050 2367 exsolucjone
1071 2334 1102 2362 et
1131 2329 1368 2375 redempcione
1397 2335 1596 2364 castrorum,
1627 2331 1813 2376 opidorum.
1848 2330 2012 2363 villarum.

153 2400 214 2423 seu
243 2388 406 2423 bonorum
436 2401 496 2435 per
524 2389 789 2435 predecessores
819 2390 895 2423 dicti
933 2393 1025 2435 regis
1054 2389 1205 2433 Boemie.
1249 2391 1352 2424 duces
1382 2390 1705 2435 Lucemburgenses.
1745 2396 1799 2423 aut
1829 2394 1925 2423 etiam
1957 2402 2016 2436 per

155 2453 261 2495 ipsum
300 2453 500 2484 coniunctim
544 2450 599 2484 vel
639 2450 768 2484 divisim
808 2450 1030 2495 obligatorum
1070 2462 1129 2484 seu
1159 2453 1256 2484 etiam
1286 2453 1317 2483 in
1347 2451 1581 2496 pel-solucione
1616 2451 1800 2484 debitorum
1840 2462 1898 2496 per
1928 2454 2016 2496 ipsos

155 2511 419 2555 predecessores
447 2521 526 2545 suos
555 2515 609 2544 aut
639 2514 744 2556 ipsum
789 2514 819 2544 in
850 2511 945 2545 dictis
975 2511 1094 2544 ducatu
1125 2511 1427 2556 Lucemburgensi.
1457 2515 1612 2545 comitatu
1645 2511 1737 2545 Czini
1771 2516 1802 2545 et
1833 2512 2015 2545 advocacia

153 2570 292 2604 Alsacie
321 2575 569 2605 contractorum
599 2575 631 2605 et
660 2574 785 2617 pariter
814 2582 931 2605 omnes
973 2576 1122 2617 sumptus
1151 2576 1183 2605 et
1213 2583 1392 2617 expensas,
1429 2583 1512 2617 quos
1540 2582 1601 2605 nos
1644 2572 1811 2605 Antonius
1855 2571 2016 2605 faciemus

159 2630 318 2664 mittendo
357 2630 397 2664 ad
436 2636 547 2677 partes
584 2631 723 2665 Boemie
766 2643 825 2677 pro
879 2632 963 2665 dicta
1002 2631 1175 2665 Elizabetb
1214 2632 1406 2678 recipienda
1449 2637 1481 2666 et
1519 2632 1569 2666 his
1606 2632 1754 2678 partibus
1797 2632 2012 2665 conducenda

155 2691 434 2736 expenderimus
476 2692 539 2725 hoc
575 2695 680 2738 ipsum
720 2704 782 2726 una
822 2703 895 2725 cum
931 2695 1101 2738 impensis,
1140 2692 1180 2725 de
1209 2692 1327 2737 quibus
1356 2704 1455 2738 supra
1485 2692 1517 2726 fit
1547 2696 1690 2726 mencio.
1729 2692 1767 2725 ad
1798 2692 2012 2738 principalem
