2358 3105
1041 232 1108 265 125

140 341 281 373 iniuriis.
304 338 463 371 molestiis
494 341 523 369 ct
546 339 719 379 signanter
742 337 916 370 violenciis
942 336 1144 369 dccimarum
1167 345 1372 367 annonarum
1396 345 1668 378 quarumcunque
1681 338 1690 347 '¹
1727 336 1820 369 urani
1844 336 2001 366 existen-

140 403 226 433 cium
257 410 316 444 per
346 397 485 431 alterum
516 397 622 430 altero
653 400 996 443 compromittcncium
1038 401 1102 429 tam
1134 394 1239 428 verbo
1269 406 1367 439 quam
1399 395 1486 427 l'acto
1517 394 1612 427 illatis
1651 405 1709 427 seu
1742 394 1835 426 l'actis
1865 394 1905 426 di·
1935 394 2000 427 alto

140 465 172 494 et
209 459 308 493 basso
351 460 552 491 unanimiter
595 462 625 490 et
671 458 885 491 concorditer
927 460 1156 490 convenerunt
1201 460 1230 487 et
1271 458 1571 500 compromiserunt
1612 459 1641 487 et
1681 453 1815 499 quilibet
1857 457 2001 499 ipsorum

140 522 369 565 compromisit
407 523 438 552 et
476 522 633 551 convenit
674 522 829 564 ipsosque
869 521 1014 563 ipsorum
1045 516 1188 549 arbitres
1219 515 1437 548 arbitratores
1476 520 1505 547 et
1537 513 1729 548 amicabiles
1758 517 2002 558 compositores

140 592 178 615 ac
221 583 347 614 amicos
389 590 550 612 comunes
594 582 847 612 constituerunt.
897 581 1153 611 nominaverunt
1193 581 1223 609 et
1273 577 1516 621 deputaverunt
1562 580 1591 607 et
1641 574 1772 619 quilibet
1819 575 2001 607 eorundem

140 643 320 675 constituit.
361 642 542 673 nominavit
583 644 611 672 ct
654 639 822 685 deputavit
863 638 1010 684 prefatos
1049 637 1263 671 honorabiles
1300 640 1404 678 xiros.
1444 636 1595 669 dominos
1626 635 1758 668 Paulum
1792 638 1821 667 in
1851 634 2001 679 Znoyma

140 707 171 735 et
212 701 384 735 Nicolaum
423 699 624 750 inXPlawcz
670 700 828 744 plebanos
866 698 1047 745 sepefatos.
1085 698 1201 731 dantes
1236 702 1267 730 et
1306 697 1531 730 concedentes
1571 696 1694 730 eisdem
1735 694 2000 728 arbitr-atoribus.

141 761 370 795 amicabilibus
409 759 687 806 compositoribus
724 765 751 792 et
793 763 907 793 amicis
946 758 1142 792 comunibus
1186 763 1216 791 et
1260 769 1374 791 eorum
1414 757 1545 791 cuilibet
1591 757 1772 802 plenariam
1816 760 1849 788 et
1890 758 2004 788 onini-

143 822 273 856 modam
304 825 514 867 potestatcm.
554 821 638 865 quod
680 824 803 865 possint
844 825 873 853 et
904 820 1037 853 valeant
1068 819 1236 862 decidere.
1277 822 1457 852 terminare
1488 822 1516 851 et
1549 818 1692 850 clil'linire
1722 817 1824 849 litem.
1855 827 2002 849 causam.

141 886 351 928 questionem
381 886 414 915 et
443 884 710 915 controversiam
742 881 955 914 antedictam.
987 885 1018 913 et
1048 883 1079 913 in
1109 885 1139 913 et
1169 891 1270 926 super
1299 882 1470 924 premissis
1501 878 1654 912 omnibus
1684 883 1714 910 et
1745 877 1884 921 singulis
1914 888 2003 922 pro-

143 944 266 977 cedere
296 945 489 977 summarie.
519 942 712 986 simpliciter
743 946 772 973 et
803 942 843 975 (le
873 942 982 987 plano.
1013 944 1085 974 sinc
1119 945 1257 986 strepitu
1297 945 1326 973 et
1358 940 1463 983 figura
1504 939 1614 972 indicii
1645 938 1796 972 omnibus
1827 938 1941 972 (liebus
1973 942 2004 971 et

142 1003 348 1050 temporibus
378 1014 416 1037 ac
446 1003 538 1037 horis
568 1006 599 1036 in
630 1004 727 1036 domo
757 1003 811 1036 vel
843 1007 937 1035 extra
969 1002 1100 1035 domum
1131 1001 1319 1046 ubicunque
1346 1001 1494 1034 locorum
1526 1003 1605 1033 iuris
1636 999 1754 1032 ordine
1784 1004 1921 1032 servato
1953 999 2007 1031 vel

142 1076 208 1099 non
236 1069 385 1107 servato5
424 1064 583 1109 predictis
623 1063 966 1109 compromittentibus
1005 1073 1063 1095 seu
1103 1062 1207 1095 altero
1238 1061 1421 1094 eorundem
1453 1065 1608 1106 presente
1643 1060 1697 1093 vel
1727 1059 1876 1102 absente.
1907 1064 2003 1104 prout

143 1129 223 1172 ipsis
253 1124 386 1159 arbitris
423 1124 689 1166 arbitratoribus‚
724 1123 916 1157 amicalibus
946 1122 1226 1168 compositoribus
1257 1122 1419 1167 expedire
1450 1121 1616 1154 videbitur
1646 1125 1675 1154 et
1707 1119 1859 1166 placebit.
1917 1119 2006 1152 Pro-

144 1189 303 1219 miserunt
341 1189 477 1231 insuper
514 1185 639 1230 prefati.
672 1188 980 1230 compromittentes
1012 1186 1159 1217 vicissim
1199 1188 1230 1216 ct
1260 1182 1393 1228 quilibet
1435 1185 1581 1228 ipsorum
1613 1184 1760 1227 promisit
1792 1184 1822 1213 in
1854 1180 2004 1213 manibus

144 1250 208 1281 mei
237 1249 356 1281 notarii
385 1246 507 1293 publici
536 1246 737 1291 infrascripti
770 1246 885 1279 mediis
915 1248 1061 1290 ipsorum
1094 1244 1213 1277 ibidem
1245 1244 1466 1289 corporaliter
1505 1245 1650 1288 prestitis
1683 1244 1875 1275 iuramentis
1904 1246 2006 1277 stare„

143 1308 298 1350 credere5
328 1311 689 1352 ειίμιίθεοθῐ·θ,ρει-ρι’(λ
719 1312 748 1340 et
780 1306 917 1339 obedire
946 1309 1131 1340 sentencie.
1163 1306 1272 1338 laudo.
1304 1305 1442 1338 arbitrio
1472 1308 1501 1337 et
1533 1302 1726 1336 diffinit-loni
1757 1313 1816 1347 per
1836 1302 2004 1347 predictos

143 1369 286 1403 arbitros
316 1368 546 1402 arbitratores.
577 1368 768 1401 amicabiles
790 1371 1035 1413 compositores
1067 1372 1097 1399 et
1124 1370 1250 1399 amicos
1280 1376 1439 1399 comunes
1471 1363 1763 1410 pronuncciandis.
1794 1362 2005 1397 arbitrandis.

143 1429 346 1464 diffiniendis
375 1440 413 1462 ac
434 1428 685 1474 promulgandis
707 1439 837 1461 necnon
873 1427 1059 1461 huiusmodi
1081 1430 1300 1460 sentenciam.
1331 1425 1476 1467 laudum.
1507 1424 1675 1457 arbitrium
1707 1428 1737 1456 et
1763 1422 2000 1456 diffinicionem

144 1491 327 1536 predictam
371 1494 499 1524 tenere,
544 1488 729 1522 observare
768 1493 798 1521 et
839 1488 1033 1533 adimplere.
1073 1499 1134 1520 nec
1172 1497 1326 1531 umquam
1366 1485 1433 1519 ullo
1465 1490 1615 1530 tempore
1649 1489 1764 1517 contra
1803 1483 1937 1516 easdem
1974 1487 2005 1515 ct

144 1551 263 1585 eadem
292 1551 407 1585 facere
435 1550 490 1583 vel
521 1553 639 1583 venire
676 1550 716 1582 (le
756 1552 827 1582 iure
857 1549 912 1581 vel
942 1549 982 1581 de
1012 1548 1100 1581 sacto
1140 1551 1170 1581 in
1201 1547 1344 1580 futurum
1375 1545 1434 1579 sub
1465 1556 1548 1591 pena
1583 1550 1613 1578 et
1644 1544 1855 1589 obligacione
1885 1544 2008 1576 ducen-

145 1617 254 1646 torum
283 1611 485 1645 florenorum
517 1614 587 1644 auri
618 1610 658 1643 de
688 1620 820 1643 camera
853 1610 975 1643 domini
997 1612 1099 1642 nostri
1130 1619 1215 1654 pape
1245 1607 1320 1640 boni
1351 1611 1381 1640 et
1412 1609 1486 1639 iusti
1507 1606 1677 1652 ponderiS.
1705 1616 1764 1651 pro
1788 1616 1850 1638 una
1873 1604 2007 1637 medie-

144 1678 210 1706 tate
248 1684 382 1706 camere
422 1672 718 1717 archiepiscopalis
755 1671 933 1715 Prae-ensis
969 1675 999 1703 et
1041 1670 1166 1714 reliqua
1208 1668 1386 1701 medietate
1425 1670 1508 1712 parti
1549 1669 1767 1700 sentenciam.
1802 1665 1933 1698 laudum
1978 1669 2008 1697 et

144 1733 316 1767 arbitrium
359 1744 398 1766 ac
442 1732 677 1766 diffinicionem
723 1731 908 1765 huiusmodi
949 1728 1125 1764 teiieiiti''l.
1173 1729 1365 1763 observanti
1405 1733 1435 1761 et
1482 1728 1672 1773 adimplenti
1722 1725 2006 1772 applicandorum.

145 1794 286 1828 Demum
317 1805 401 1828 vero
429 1793 562 1827 modico
605 1796 764 1838 temporis
795 1792 971 1825 intervallo
1009 1790 1129 1836 prefati
1166 1791 1289 1823 domini
1319 1789 1441 1822 Paulus
1482 1792 1512 1822 in
1542 1788 1693 1833 Znoyma
1728 1791 1758 1820 et
1788 1785 1948 1819 Nicolaus
1978 1788 2008 1817 in

147 1855 281 1889 Plawcz
310 1854 453 1900 plebani.
484 1854 598 1888 arbitri
628 1854 857 1887 arbitratores.
895 1850 1086 1885 amicabiles
1124 1854 1370 1896 compositores
1399 1855 1430 1883 et
1467 1852 1563 1882 amici
1600 1859 1760 1882 comunes
1797 1846 2012 1880 concorditer

146 1921 178 1949 ut
207 1919 408 1961 premittitur
436 1918 573 1949 assumti
603 1919 635 1948 et
665 1915 760 1948 electi
795 1925 855 1959 per
884 1912 1036 1945 dominos
1066 1910 1240 1944 Nicolaum
1262 1914 1293 1944 in
1316 1911 1480 1956 Prentycz
1502 1915 1533 1943 ct
1554 1909 1728 1943 Nicolaum
1750 1911 1782 1941 in
1803 1906 2009 1951 Plenkwycz

147 1977 307 2022 plebanos
344 1979 654 2022 compromittentes
693 1975 877 2008 antedictos
915 1973 1032 2006 auditis
1075 1983 1136 2018 per
1174 1972 1309 2005 cosdem
1350 1973 1659 2016 compromittentes
1688 1968 1765 2002 hinc
1795 1968 1871 2001 inde
1901 1968 2010 2000 dictis,

146 2040 326 2083 propositis
356 2042 388 2071 et
416 2037 581 2081 allegatis.
618 2036 736 2069 habitis
766 2040 797 2068 nt
837 2035 990 2068 dixerunt
1030 2044 1105 2066 cum
1135 2031 1351 2078 prudentibus
1386 2035 1417 2065 et
1447 2030 1651 2076 sapientibus
1681 2029 1830 2062 consiliis
1860 2032 1892 2061 et
1921 2027 2010 2060 deli-

148 2098 383 2132 beracionibus
412 2101 562 2131 maturis.
593 2098 631 2130 ad
662 2108 754 2130 suam
786 2098 989 2129 sentenciam
1021 2093 1223 2127 arbitralem.
1266 2092 1410 2126 laudum.
1441 2091 1611 2125 arbitrium
1642 2095 1673 2123 et
1703 2089 1938 2123 diffinicionem
1971 2087 2011 2120 de

147 2163 178 2192 et
199 2170 298 2204 supra
320 2159 478 2204 predictis
499 2158 619 2192 litibus,
642 2156 883 2202 questionibus.
905 2157 1160 2188 controversiis.
1182 2156 1319 2186 iniuriis.
1342 2156 1402 2196 ira.
1424 2152 1500 2185 odio
1522 2156 1554 2185 et
1568 2161 1711 2184 rancore
1733 2153 1817 2183 inter
1837 2148 2007 2194 predictos

147 2218 322 2252 Nicolaum
339 2222 371 2252 in
387 2218 552 2264 Prentycz
569 2223 601 2252 et
616 2218 789 2252 Nicolaum
812 2220 842 2249 in
863 2215 1068 2260 Plenkwycz
1087 2214 1250 2260 plebanos
1266 2218 1299 2246 ut
1316 2215 1515 2259 premittitur
1530 2223 1634 2256 usque
1655 2214 1686 2244 in
1708 2210 1906 2243 hodiernum
1923 2208 2008 2241 diem

146 2279 305 2322 subortis.
331 2279 457 2313 eisdem
475 2279 616 2313 dominis
633 2278 772 2312 Nicolao
790 2281 820 2310 in
838 2277 1002 2321 Prentycz
1019 2280 1051 2308 et
1066 2274 1206 2308 Nicolao
1224 2277 1256 2307 in
1272 2273 1479 2319 Plenkwycz
1496 2272 1648 2319 plebanis
1665 2268 2009 2317 compromittentibus

148 2340 268 2373 ibidem
298 2339 511 2385 presentibus
533 2344 564 2373 et
586 2338 806 2372 audientibus.
830 2336 1078 2383 procedendum
1101 2335 1267 2368 duxerunt
1293 2340 1325 2368 et
1346 2338 1584 2380 processerunt
1606 2344 1645 2365 ac
1666 2342 1782 2365 omnes
1803 2335 1833 2364 et
1859 2329 2010 2374 singulos

147 2401 306 2435 articulos
345 2403 377 2434 in
414 2405 505 2434 carta
542 2403 677 2446 papirea
717 2402 858 2444 scriptos
895 2399 1235 2443 pronuncciaverunt,
1277 2395 1534 2429 declaraverunt
1565 2398 1597 2426 et
1626 2394 1870 2438 pronuncciare
1900 2400 2007 2423 cura-

147 2465 269 2494 verunt
298 2460 486 2494 huiusmodi
517 2460 576 2494 sub
607 2465 745 2493 tenore:
784 2458 853 2492 Nos
882 2457 1001 2491 Paulus
1031 2456 1071 2490 ad
1101 2460 1251 2489 sanctum
1283 2455 1456 2488 Nicolaum
1487 2457 1517 2487 in
1547 2453 1698 2499 Znoyma
1729 2457 1761 2485 et
1789 2450 1947 2484 Nicolaus
1976 2453 2007 2482 in

148 2521 282 2555 Plawcz
312 2520 442 2567 plebani
473 2521 706 2554 Olomucensis
737 2520 882 2553 diocesis
903 2517 1044 2551 arbitres
1066 2517 1283 2550 arbitratores
1315 2520 1345 2549 et
1366 2514 1559 2548 amicabiles
1581 2515 1826 2558 compositores
1846 2513 2008 2557 parcium.

306 2660 335 2683 a)
361 2652 457 2686 ‹iu-ig:
495 2660 739 2685 quorumcunque.
764 2650 909 2675 x·is»ll.»ielir
935 2650 971 2674 ist
1002 2657 1135 2682 generum
1168 2649 1238 2673 mlo—r
1269 2648 1312 2672 ein
1347 2646 1496 2671 iiliiiliclwr
1529 2654 1562 2670 zu
1595 2652 1827 2679 qil-»ruutcunque
1859 2642 2013 2676 gohtjrijger

149 2705 302 2731 Ausdruck
327 2713 379 2729 vor
403 2704 484 2735 grani
508 2703 688 2737 ausgefallcn
779 2702 810 2727 bi
837 2702 932 2730 sirim:
957 2701 1028 2727 tenti
